%% This BibTeX bibliography file was created using BibDesk.
%% http://bibdesk.sourceforge.net/


%% Created for Manuel Maly at 2013-05-07 12:36:55 +0200 


%% Saved with string encoding Unicode (UTF-8) 



@inproceedings{Scheib:2002,
	Address = {San Antonio, USA},
	Author = {Scheib, Vincent and Engell-Nielsen, Theo and Lehtinen, Saku and Haines, Eric and Taylor, Phil},
	Booktitle = {Proceedings of the International Conference on Computer Graphics and Interactive Techniques (ACM SIGGRAPH 2002)},
	Date-Added = {2013-05-07 09:52:28 +0000},
	Date-Modified = {2013-05-07 10:28:51 +0000},
	Number = {26},
	Pages = {96--97},
	Title = {The Demo Scene},
	Volume = {21},
	Year = {2002}}

@inproceedings{noack:2003,
	Author = {Noack, Andreas},
	Booktitle = {Graph Drawing},
	Date-Added = {2013-05-07 09:16:24 +0000},
	Date-Modified = {2013-05-07 09:16:54 +0000},
	Organization = {Springer},
	Pages = {425--436},
	Title = {An energy model for visual graph clustering},
	Year = {2004}}

@inbook{Kobourov04,
	Author = {Tamassia, Roberto},
	Chapter = {8 (Force-Directed Drawing Algorithms)},
	Date-Added = {2013-05-07 06:56:28 +0000},
	Date-Modified = {2013-05-07 07:04:55 +0000},
	Month = {April},
	Pages = {383--408},
	Publisher = {Chapman \& Hall/CRC},
	Title = {Handbook of graph drawing and visualization},
	Year = {2013}}

@article{dalvik,
	Author = {Ehringer, David},
	Date-Added = {2013-05-07 06:37:42 +0000},
	Date-Modified = {2013-05-07 06:38:05 +0000},
	Journal = {Technical report (March 2010)},
	Title = {The dalvik virtual machine architecture},
	Year = {2010}}

@url{url:playmusic,
	Date-Added = {2013-05-03 08:42:08 +0000},
	Date-Modified = {2013-05-03 18:20:06 +0000},
	Keywords = {play music},
	Lastchecked = {2013/05/03},
	Title = {\url{https://play.google.com/store/apps/details?id=com.google.android.music}},
	Urldate = {2013/05/03}}

@url{url:jukefox,
	Date-Added = {2013-05-03 08:40:32 +0000},
	Date-Modified = {2013-05-03 18:19:40 +0000},
	Keywords = {jukefox},
	Lastchecked = {2013/05/03},
	Title = {\url{https://play.google.com/store/apps/details?id=ch.ethz.dcg.pancho2}},
	Urldate = {2013/05/03}}

@inproceedings{Aggarwal99anew,
	Address = {Philadelphia, Pennsylvania, USA},
	Author = {Charu C. Aggarwal and Joel L. Wolf and Philip S. Yu},
	Booktitle = {Proceedings of the 1999 ACM SIGMOD International Conference on Management of data},
	Date-Added = {2013-03-12 20:42:22 +0000},
	Date-Modified = {2013-05-07 10:12:47 +0000},
	Pages = {407--418},
	Publisher = {ACM Press},
	Title = {A New Method for Similarity Indexing of Market Basket Data},
	Year = {1999}}

@article{Takacs:2007,
	Acmid = {1345466},
	Address = {New York, NY, USA},
	Author = {Tak\'{a}cs, G\'{a}bor and Pil\'{a}szy, Istv\'{a}n and N{\'e}meth, Botty\'{a}n and Tikk, Domonkos},
	Date-Added = {2013-03-12 20:39:58 +0000},
	Date-Modified = {2013-05-07 10:10:15 +0000},
	Doi = {10.1145/1345448.1345466},
	Issn = {1931-0145},
	Issue_Date = {December 2007},
	Journal = {SIGKDD Exploration Newsletter},
	Month = dec,
	Number = {2},
	Numpages = {4},
	Pages = {80--83},
	Publisher = {ACM},
	Title = {Major components of the gravity recommendation system},
	Url = {http://doi.acm.org/10.1145/1345448.1345466},
	Volume = {9},
	Year = {2007},
	Bdsk-File-1 = {YnBsaXN0MDDUAQIDBAUGJCVYJHZlcnNpb25YJG9iamVjdHNZJGFyY2hpdmVyVCR0b3ASAAGGoKgHCBMUFRYaIVUkbnVsbNMJCgsMDxJXTlMua2V5c1pOUy5vYmplY3RzViRjbGFzc6INDoACgAOiEBGABIAFgAdccmVsYXRpdmVQYXRoWWFsaWFzRGF0YV8QQS4uL3JlZnMvTWFqb3IgY29tcG9uZW50cyBvZiB0aGUgR3Jhdml0eSBSZWNvbW1lbmRhdGlvbiBTeXN0ZW0ucGRm0hcLGBlXTlMuZGF0YU8RAk4AAAAAAk4AAgAADE1hY2ludG9zaCBIRAAAAAAAAAAAAAAAAAAAAMvhxgBIKwAAAAiv2x9NYWpvciBjb21wb25lbnRzIG9mIzEyNjg2OTcucGRmAAAAAAAAAAAAAAAAAAAAAAAAAAAAAAAAAAAAAAAAAAABJoaXzWVQZgAAAAAAAAAAAAEAAgAACSAAAAAAAAAAAAAAAAAAAAAEcmVmcwAQAAgAAMvhqeAAAAARAAgAAM1lQlYAAAABABgACK/bAAithAAIrKkACKMeAAX7rgAAwCkAAgBjTWFjaW50b3NoIEhEOlVzZXJzOgBtYW51ZWxtYWx5OgBEb2N1bWVudHM6AFVuaToATWFzdGVyYXJiZWl0OgByZWZzOgBNYWpvciBjb21wb25lbnRzIG9mIzEyNjg2OTcucGRmAAAOAHQAOQBNAGEAagBvAHIAIABjAG8AbQBwAG8AbgBlAG4AdABzACAAbwBmACAAdABoAGUAIABHAHIAYQB2AGkAdAB5ACAAUgBlAGMAbwBtAG0AZQBuAGQAYQB0AGkAbwBuACAAUwB5AHMAdABlAG0ALgBwAGQAZgAPABoADABNAGEAYwBpAG4AdABvAHMAaAAgAEgARAASAGpVc2Vycy9tYW51ZWxtYWx5L0RvY3VtZW50cy9VbmkvTWFzdGVyYXJiZWl0L3JlZnMvTWFqb3IgY29tcG9uZW50cyBvZiB0aGUgR3Jhdml0eSBSZWNvbW1lbmRhdGlvbiBTeXN0ZW0ucGRmABMAAS8AABUAAgAR//8AAIAG0hscHR5aJGNsYXNzbmFtZVgkY2xhc3Nlc11OU011dGFibGVEYXRhox0fIFZOU0RhdGFYTlNPYmplY3TSGxwiI1xOU0RpY3Rpb25hcnmiIiBfEA9OU0tleWVkQXJjaGl2ZXLRJidUcm9vdIABAAgAEQAaACMALQAyADcAQABGAE0AVQBgAGcAagBsAG4AcQBzAHUAdwCEAI4A0gDXAN8DMQMzAzgDQwNMA1oDXgNlA24DcwOAA4MDlQOYA50AAAAAAAACAQAAAAAAAAAoAAAAAAAAAAAAAAAAAAADnw==}}

@url{url:android,
	Date-Added = {2013-03-12 20:15:08 +0000},
	Date-Modified = {2013-05-03 18:19:20 +0000},
	Keywords = {android},
	Lastchecked = {2013/03/12},
	Title = {\url{http://www.android.com/about/}},
	Urldate = {2013/03/12}}

@inproceedings{Rauber:2004,
	Author = {Rauber, Andreas},
	Booktitle = {Proceedings of the International Conference on Digital Libraries (ICDL 2004)},
	Date-Added = {2012-12-03 12:11:21 +0000},
	Date-Modified = {2013-05-07 10:36:55 +0000},
	Isbn = {8179930297},
	Note = {Presentation: ICDL 2004, New Delhi, India; 2004-02-24 -- 2004-02-27},
	Pages = {741--748},
	Publisher = {TERI},
	Title = {Creation and Exploration of Musical Information Spaces},
	Year = {2004},
	Bdsk-File-1 = {YnBsaXN0MDDUAQIDBAUGJCVYJHZlcnNpb25YJG9iamVjdHNZJGFyY2hpdmVyVCR0b3ASAAGGoKgHCBMUFRYaIVUkbnVsbNMJCgsMDxJXTlMua2V5c1pOUy5vYmplY3RzViRjbGFzc6INDoACgAOiEBGABIAFgAdccmVsYXRpdmVQYXRoWWFsaWFzRGF0YV8QQi4uL3JlZnMvQ3JlYXRpb24gYW5kIEV4cGxvcmF0aW9uIG9mIE11c2ljYWwgSW5mb3JtYXRpb24gU3BhY2VzLnBkZtIXCxgZV05TLmRhdGFPEQJSAAAAAAJSAAIAAAxNYWNpbnRvc2ggSEQAAAAAAAAAAAAAAAAAAADL4cYASCsAAAAIr9sfQ3JlYXRpb24gYW5kIEV4cGxvcmEjQ0Q2MzA2LnBkZgAAAAAAAAAAAAAAAAAAAAAAAAAAAAAAAAAAAAAAAAAAAM1jBsziVUUAAAAAAAAAAAABAAIAAAkgAAAAAAAAAAAAAAAAAAAABHJlZnMAEAAIAADL4angAAAAEQAIAADM4kc1AAAAAQAYAAiv2wAIrYQACKypAAijHgAF+64AAMApAAIAY01hY2ludG9zaCBIRDpVc2VyczoAbWFudWVsbWFseToARG9jdW1lbnRzOgBVbmk6AE1hc3RlcmFyYmVpdDoAcmVmczoAQ3JlYXRpb24gYW5kIEV4cGxvcmEjQ0Q2MzA2LnBkZgAADgB2ADoAQwByAGUAYQB0AGkAbwBuACAAYQBuAGQAIABFAHgAcABsAG8AcgBhAHQAaQBvAG4AIABvAGYAIABNAHUAcwBpAGMAYQBsACAASQBuAGYAbwByAG0AYQB0AGkAbwBuACAAUwBwAGEAYwBlAHMALgBwAGQAZgAPABoADABNAGEAYwBpAG4AdABvAHMAaAAgAEgARAASAGtVc2Vycy9tYW51ZWxtYWx5L0RvY3VtZW50cy9VbmkvTWFzdGVyYXJiZWl0L3JlZnMvQ3JlYXRpb24gYW5kIEV4cGxvcmF0aW9uIG9mIE11c2ljYWwgSW5mb3JtYXRpb24gU3BhY2VzLnBkZgAAEwABLwAAFQACABH//wAAgAbSGxwdHlokY2xhc3NuYW1lWCRjbGFzc2VzXU5TTXV0YWJsZURhdGGjHR8gVk5TRGF0YVhOU09iamVjdNIbHCIjXE5TRGljdGlvbmFyeaIiIF8QD05TS2V5ZWRBcmNoaXZlctEmJ1Ryb290gAEACAARABoAIwAtADIANwBAAEYATQBVAGAAZwBqAGwAbgBxAHMAdQB3AIQAjgDTANgA4AM2AzgDPQNIA1EDXwNjA2oDcwN4A4UDiAOaA50DogAAAAAAAAIBAAAAAAAAACgAAAAAAAAAAAAAAAAAAAOk}}

@book{gentner1983mental,
	Author = {Gentner, D. and Stevens, D.G.A.L.},
	Date-Added = {2012-11-26 10:19:14 +0000},
	Date-Modified = {2012-11-26 10:19:14 +0000},
	Isbn = {9780898592429},
	Lccn = {lc82021113},
	Series = {Cognitive Science},
	Title = {Mental Models},
	Url = {http://books.google.at/books?id=QFI0SvbieOcC},
	Year = {1983},
	Bdsk-Url-1 = {http://books.google.at/books?id=QFI0SvbieOcC}}

@inproceedings{Lewis:2009,
	Acmid = {1601645},
	Address = {Berlin, Heidelberg, Germany},
	Author = {Lewis, James R. and Sauro, Jeff},
	Booktitle = {Proceedings of the 1st International Conference on Human Centered Design: Held as Part of HCI International 2009},
	Date-Added = {2012-11-01 16:35:31 +0000},
	Date-Modified = {2013-05-07 10:34:06 +0000},
	Isbn = {978-3-642-02805-2},
	Keywords = {SUS, System Usability Scale, factor analysis, learnability, learnable, psychometric evaluation, subjective usability measurement, usability, usable},
	Location = {San Diego, CA},
	Numpages = {10},
	Pages = {94--103},
	Publisher = {Springer-Verlag},
	Title = {The Factor Structure of the System Usability Scale},
	Year = {2009},
	Bdsk-File-1 = {YnBsaXN0MDDUAQIDBAUGJCVYJHZlcnNpb25YJG9iamVjdHNZJGFyY2hpdmVyVCR0b3ASAAGGoKgHCBMUFRYaIVUkbnVsbNMJCgsMDxJXTlMua2V5c1pOUy5vYmplY3RzViRjbGFzc6INDoACgAOiEBGABIAFgAdccmVsYXRpdmVQYXRoWWFsaWFzRGF0YV8QPi4uL3JlZnMvVGhlIEZhY3RvciBTdHJ1Y3R1cmUgb2YgdGhlIFN5c3RlbSBVc2FiaWxpdHkgU2NhbGUucGRm0hcLGBlXTlMuZGF0YU8RAkYAAAAAAkYAAgAADE1hY2ludG9zaCBIRAAAAAAAAAAAAAAAAAAAAMvhxgBIKwAAAAiv2x9UaGUgRmFjdG9yIFN0cnVjdHVyZSNBN0MyRjYucGRmAAAAAAAAAAAAAAAAAAAAAAAAAAAAAAAAAAAAAAAAAAAAp8L2zLhjNAAAAAAAAAAAAAEAAgAACSAAAAAAAAAAAAAAAAAAAAAEcmVmcwAQAAgAAMvhqeAAAAARAAgAAMy4VSQAAAABABgACK/bAAithAAIrKkACKMeAAX7rgAAwCkAAgBjTWFjaW50b3NoIEhEOlVzZXJzOgBtYW51ZWxtYWx5OgBEb2N1bWVudHM6AFVuaToATWFzdGVyYXJiZWl0OgByZWZzOgBUaGUgRmFjdG9yIFN0cnVjdHVyZSNBN0MyRjYucGRmAAAOAG4ANgBUAGgAZQAgAEYAYQBjAHQAbwByACAAUwB0AHIAdQBjAHQAdQByAGUAIABvAGYAIAB0AGgAZQAgAFMAeQBzAHQAZQBtACAAVQBzAGEAYgBpAGwAaQB0AHkAIABTAGMAYQBsAGUALgBwAGQAZgAPABoADABNAGEAYwBpAG4AdABvAHMAaAAgAEgARAASAGdVc2Vycy9tYW51ZWxtYWx5L0RvY3VtZW50cy9VbmkvTWFzdGVyYXJiZWl0L3JlZnMvVGhlIEZhY3RvciBTdHJ1Y3R1cmUgb2YgdGhlIFN5c3RlbSBVc2FiaWxpdHkgU2NhbGUucGRmAAATAAEvAAAVAAIAEf//AACABtIbHB0eWiRjbGFzc25hbWVYJGNsYXNzZXNdTlNNdXRhYmxlRGF0YaMdHyBWTlNEYXRhWE5TT2JqZWN00hscIiNcTlNEaWN0aW9uYXJ5oiIgXxAPTlNLZXllZEFyY2hpdmVy0SYnVHJvb3SAAQAIABEAGgAjAC0AMgA3AEAARgBNAFUAYABnAGoAbABuAHEAcwB1AHcAhACOAM8A1ADcAyYDKAMtAzgDQQNPA1MDWgNjA2gDdQN4A4oDjQOSAAAAAAAAAgEAAAAAAAAAKAAAAAAAAAAAAAAAAAAAA5Q=}}

@article{DBLP:journals/ijhci/Hassenzahl01,
	Author = {Marc Hassenzahl},
	Bibsource = {DBLP, http://dblp.uni-trier.de},
	Date-Added = {2012-10-30 08:11:21 +0000},
	Date-Modified = {2013-05-07 06:45:08 +0000},
	Journal = {International Journal of Human-Computer Interaction},
	Number = {4},
	Pages = {481--499},
	Title = {The Effect of Perceived Hedonic Quality on Product Appealingness},
	Volume = {13},
	Year = {2001}}

@inproceedings{tubiblio21687,
	Author = {Marc Hassenzahl and M. Burmester and F. Koller},
	Date-Added = {2012-10-30 07:50:22 +0000},
	Date-Modified = {2013-05-07 10:33:34 +0000},
	Month = {January},
	Series = {Mensch \& Computer 2003 : Interaktion in Bewegung},
	Title = {AttrakDiff: Ein Fragebogen zur Messung wahrgenommener hedonischer und pragmatischer Qualit{\"a}t},
	Url = {http://tubiblio.ulb.tu-darmstadt.de/21687/},
	Year = {2003},
	Bdsk-File-1 = {YnBsaXN0MDDUAQIDBAUGJCVYJHZlcnNpb25YJG9iamVjdHNZJGFyY2hpdmVyVCR0b3ASAAGGoKgHCBMUFRYaIVUkbnVsbNMJCgsMDxJXTlMua2V5c1pOUy5vYmplY3RzViRjbGFzc6INDoACgAOiEBGABIAFgAdccmVsYXRpdmVQYXRoWWFsaWFzRGF0YV8Qai4uL3JlZnMvQXR0cmFrRGlmZiAtIEVpbiBGcmFnZWJvZ2VuIHp1ciBNZXNzdW5nIHdhaHJnZW5vbW1lbmVyIGhlZG9uaXNjaGVyIHVuZCBwcmFnbWF0aXNjaGVyIFF1YWxpdGFldC5wZGbSFwsYGVdOUy5kYXRhTxECygAAAAACygACAAAMTWFjaW50b3NoIEhEAAAAAAAAAAAAAAAAAAAAy+HGAEgrAAAACK/bH0F0dHJha0RpZmYgLSBFaW4gRnJhI0E1ODdCMC5wZGYAAAAAAAAAAAAAAAAAAAAAAAAAAAAAAAAAAAAAAAAAAAClh7DMtUTpAAAAAAAAAAAAAQACAAAJIAAAAAAAAAAAAAAAAAAAAARyZWZzABAACAAAy+Gp4AAAABEACAAAzLU22QAAAAEAGAAIr9sACK2EAAisqQAIox4ABfuuAADAKQACAGNNYWNpbnRvc2ggSEQ6VXNlcnM6AG1hbnVlbG1hbHk6AERvY3VtZW50czoAVW5pOgBNYXN0ZXJhcmJlaXQ6AHJlZnM6AEF0dHJha0RpZmYgLSBFaW4gRnJhI0E1ODdCMC5wZGYAAA4AxgBiAEEAdAB0AHIAYQBrAEQAaQBmAGYAIAAtACAARQBpAG4AIABGAHIAYQBnAGUAYgBvAGcAZQBuACAAegB1AHIAIABNAGUAcwBzAHUAbgBnACAAdwBhAGgAcgBnAGUAbgBvAG0AbQBlAG4AZQByACAAaABlAGQAbwBuAGkAcwBjAGgAZQByACAAdQBuAGQAIABwAHIAYQBnAG0AYQB0AGkAcwBjAGgAZQByACAAUQB1AGEAbABpAHQAYQBlAHQALgBwAGQAZgAPABoADABNAGEAYwBpAG4AdABvAHMAaAAgAEgARAASAJNVc2Vycy9tYW51ZWxtYWx5L0RvY3VtZW50cy9VbmkvTWFzdGVyYXJiZWl0L3JlZnMvQXR0cmFrRGlmZiAtIEVpbiBGcmFnZWJvZ2VuIHp1ciBNZXNzdW5nIHdhaHJnZW5vbW1lbmVyIGhlZG9uaXNjaGVyIHVuZCBwcmFnbWF0aXNjaGVyIFF1YWxpdGFldC5wZGYAABMAAS8AABUAAgAR//8AAIAG0hscHR5aJGNsYXNzbmFtZVgkY2xhc3Nlc11OU011dGFibGVEYXRhox0fIFZOU0RhdGFYTlNPYmplY3TSGxwiI1xOU0RpY3Rpb25hcnmiIiBfEA9OU0tleWVkQXJjaGl2ZXLRJidUcm9vdIABAAgAEQAaACMALQAyADcAQABGAE0AVQBgAGcAagBsAG4AcQBzAHUAdwCEAI4A+wEAAQgD1gPYA90D6APxA/8EAwQKBBMEGAQlBCgEOgQ9BEIAAAAAAAACAQAAAAAAAAAoAAAAAAAAAAAAAAAAAAAERA==}}

@article{Christopher03thoughtson,
	Author = {Robert Kosara Christopher and Christopher G. Healey and Victoria Interrante and David H. Laidlaw and Colin Ware},
	Date-Added = {2012-10-29 16:18:10 +0000},
	Date-Modified = {2013-05-07 06:34:29 +0000},
	Journal = {IEEE Computer Graphics and Applications},
	Title = {Thoughts on User Studies: Why, How, and When},
	Volume = {23},
	Year = {2003},
	Bdsk-File-1 = {YnBsaXN0MDDUAQIDBAUGJCVYJHZlcnNpb25YJG9iamVjdHNZJGFyY2hpdmVyVCR0b3ASAAGGoKgHCBMUFRYaIVUkbnVsbNMJCgsMDxJXTlMua2V5c1pOUy5vYmplY3RzViRjbGFzc6INDoACgAOiEBGABIAFgAdccmVsYXRpdmVQYXRoWWFsaWFzRGF0YV8QOS4uL3JlZnMvVGhvdWdodHMgb24gVXNlciBTdHVkaWVzIC0gV2h5LCBIb3csIGFuZCBXaGVuLnBkZtIXCxgZV05TLmRhdGFPEQI2AAAAAAI2AAIAAAxNYWNpbnRvc2ggSEQAAAAAAAAAAAAAAAAAAADL4cYASCsAAAAIr9sfVGhvdWdodHMgb24gVXNlciBTdHUjQTQxNTg5LnBkZgAAAAAAAAAAAAAAAAAAAAAAAAAAAAAAAAAAAAAAAAAAAKQVicy0ahkAAAAAAAAAAAABAAIAAAkgAAAAAAAAAAAAAAAAAAAABHJlZnMAEAAIAADL4angAAAAEQAIAADMtFwJAAAAAQAYAAiv2wAIrYQACKypAAijHgAF+64AAMApAAIAY01hY2ludG9zaCBIRDpVc2VyczoAbWFudWVsbWFseToARG9jdW1lbnRzOgBVbmk6AE1hc3RlcmFyYmVpdDoAcmVmczoAVGhvdWdodHMgb24gVXNlciBTdHUjQTQxNTg5LnBkZgAADgBkADEAVABoAG8AdQBnAGgAdABzACAAbwBuACAAVQBzAGUAcgAgAFMAdAB1AGQAaQBlAHMAIAAtACAAVwBoAHkALAAgAEgAbwB3ACwAIABhAG4AZAAgAFcAaABlAG4ALgBwAGQAZgAPABoADABNAGEAYwBpAG4AdABvAHMAaAAgAEgARAASAGJVc2Vycy9tYW51ZWxtYWx5L0RvY3VtZW50cy9VbmkvTWFzdGVyYXJiZWl0L3JlZnMvVGhvdWdodHMgb24gVXNlciBTdHVkaWVzIC0gV2h5LCBIb3csIGFuZCBXaGVuLnBkZgATAAEvAAAVAAIAEf//AACABtIbHB0eWiRjbGFzc25hbWVYJGNsYXNzZXNdTlNNdXRhYmxlRGF0YaMdHyBWTlNEYXRhWE5TT2JqZWN00hscIiNcTlNEaWN0aW9uYXJ5oiIgXxAPTlNLZXllZEFyY2hpdmVy0SYnVHJvb3SAAQAIABEAGgAjAC0AMgA3AEAARgBNAFUAYABnAGoAbABuAHEAcwB1AHcAhACOAMoAzwDXAxEDEwMYAyMDLAM6Az4DRQNOA1MDYANjA3UDeAN9AAAAAAAAAgEAAAAAAAAAKAAAAAAAAAAAAAAAAAAAA38=}}

@inproceedings{Schlienger:2007,
	Acmid = {1777021},
	Address = {Berlin, Heidelberg, Germany},
	Author = {Schlienger, C{\'e}line and Conversy, St{\'e}phane and Chatty, St{\'e}phane and Anquetil, Magali and Mertz, Christophe},
	Booktitle = {Proceedings of the 11th International Conference on Human-computer interaction (IFIP TC 13)},
	Date-Added = {2012-09-03 06:44:24 +0000},
	Date-Modified = {2013-05-07 10:29:16 +0000},
	Isbn = {3-540-74794-X, 978-3-540-74794-9},
	Keywords = {animation, comprehension of changes, dual task, empirical evaluation, multimodal feedback, sound},
	Location = {Rio de Janeiro, Brazil},
	Numpages = {14},
	Pages = {207--220},
	Publisher = {Springer-Verlag},
	Series = {INTERACT'07},
	Title = {Improving users' comprehension of changes with animation and sound: an empirical assessment},
	Url = {http://dl.acm.org/citation.cfm?id=1776994.1777021},
	Year = {2007},
	Bdsk-Url-1 = {http://dl.acm.org/citation.cfm?id=1776994.1777021}}

@url{url:opengles,
	Date-Added = {2012-09-01 06:30:51 +0000},
	Date-Modified = {2013-05-07 06:50:27 +0000},
	Title = {\url{http://www.khronos.org/opengles/}},
	Urldate = {2012}}

@url{url:androidactivity,
	Date-Added = {2012-03-02 10:10:39 +0000},
	Date-Modified = {2013-05-07 06:50:20 +0000},
	Lastchecked = {2012},
	Title = {\url{http://developer.android.com/reference/android/app/Activity.html}},
	Urldate = {2012}}

@url{url:openhandsetalliance,
	Date-Added = {2012-03-02 09:50:59 +0000},
	Date-Modified = {2012-03-02 09:51:54 +0000},
	Lastchecked = {2012},
	Title = {\url{http://www.openhandsetalliance.com/}},
	Urldate = {2012}}

@inbook{Tesoriero:2008:Breadcrumbs,
	Author = {R. Tesoriero, J. A. Gallud, M. D. Lozano, and V. M. R. Penichet},
	Chapter = {14},
	Date-Added = {2012-02-02 10:32:33 +0000},
	Date-Modified = {2013-05-07 09:17:21 +0000},
	Editor = {Kikuo Asai},
	Month = {October},
	Number = {1},
	Pages = {262-264},
	Publisher = {InTech},
	Title = {HCI Design Patterns for Mobile Applications Applied to Cultural Environments HCI Design Patterns for Mobile Applications Applied to Cultural Environments},
	Volume = {1},
	Year = {2008}}

@inproceedings{Huang03force-transfer:a,
	Address = {Adelaide, South Australia},
	Author = {Xiaodi Huang and Wei Lai},
	Booktitle = {Proceedings of the 26th Australasian computer science conference (ACSC 2003)},
	Date-Added = {2012-01-31 11:44:28 +0000},
	Date-Modified = {2013-05-07 10:19:09 +0000},
	Pages = {349--358},
	Title = {Force-Transfer: A New Approach to Removing Overlapping Nodes in Graph Layout},
	Year = {2003},
	Bdsk-File-1 = {YnBsaXN0MDDUAQIDBAUGJCVYJHZlcnNpb25YJG9iamVjdHNZJGFyY2hpdmVyVCR0b3ASAAGGoKgHCBMUFRYaIVUkbnVsbNMJCgsMDxJXTlMua2V5c1pOUy5vYmplY3RzViRjbGFzc6INDoACgAOiEBGABIAFgAdccmVsYXRpdmVQYXRoWWFsaWFzRGF0YV8QWi4uL3JlZnMvIUZvcmNlLVRyYW5zZmVyIC0gQSBOZXcgQXBwcm9hY2ggdG8gUmVtb3ZpbmcgT3ZlcmxhcHBpbmcgTm9kZXMgaW4gR3JhcGggTGF5b3V0LnBkZtIXCxgZV05TLmRhdGFPEQKaAAAAAAKaAAIAAAxNYWNpbnRvc2ggSEQAAAAAAAAAAAAAAAAAAADL4cYASCsAAAAIr9sfIUZvcmNlLVRyYW5zZmVyIC0gQSBOIzhGMjBELnBkZgAAAAAAAAAAAAAAAAAAAAAAAAAAAAAAAAAAAAAAAAAAAAjyDctNkmcAAAAAAAAAAAABAAIAAAkgAAAAAAAAAAAAAAAAAAAABHJlZnMAEAAIAADL4angAAAAEQAIAADLTYRXAAAAAQAYAAiv2wAIrYQACKypAAijHgAF+64AAMApAAIAY01hY2ludG9zaCBIRDpVc2VyczoAbWFudWVsbWFseToARG9jdW1lbnRzOgBVbmk6AE1hc3RlcmFyYmVpdDoAcmVmczoAIUZvcmNlLVRyYW5zZmVyIC0gQSBOIzhGMjBELnBkZgAADgCmAFIAIQBGAG8AcgBjAGUALQBUAHIAYQBuAHMAZgBlAHIAIAAtACAAQQAgAE4AZQB3ACAAQQBwAHAAcgBvAGEAYwBoACAAdABvACAAUgBlAG0AbwB2AGkAbgBnACAATwB2AGUAcgBsAGEAcABwAGkAbgBnACAATgBvAGQAZQBzACAAaQBuACAARwByAGEAcABoACAATABhAHkAbwB1AHQALgBwAGQAZgAPABoADABNAGEAYwBpAG4AdABvAHMAaAAgAEgARAASAINVc2Vycy9tYW51ZWxtYWx5L0RvY3VtZW50cy9VbmkvTWFzdGVyYXJiZWl0L3JlZnMvIUZvcmNlLVRyYW5zZmVyIC0gQSBOZXcgQXBwcm9hY2ggdG8gUmVtb3ZpbmcgT3ZlcmxhcHBpbmcgTm9kZXMgaW4gR3JhcGggTGF5b3V0LnBkZgAAEwABLwAAFQACABH//wAAgAbSGxwdHlokY2xhc3NuYW1lWCRjbGFzc2VzXU5TTXV0YWJsZURhdGGjHR8gVk5TRGF0YVhOU09iamVjdNIbHCIjXE5TRGljdGlvbmFyeaIiIF8QD05TS2V5ZWRBcmNoaXZlctEmJ1Ryb290gAEACAARABoAIwAtADIANwBAAEYATQBVAGAAZwBqAGwAbgBxAHMAdQB3AIQAjgDrAPAA+AOWA5gDnQOoA7EDvwPDA8oD0wPYA+UD6AP6A/0EAgAAAAAAAAIBAAAAAAAAACgAAAAAAAAAAAAAAAAAAAQE}}

@inproceedings{Hayashi:1998:LAP:647550.728930,
	Acmid = {728930},
	Address = {London, UK},
	Author = {Hayashi, Kunihiko and Inoue, Michiko and Masuzawa, Toshimitsu and Fujiwara, Hideo},
	Booktitle = {Proceedings of the 6th International Symposium on Graph Drawing},
	Date-Added = {2012-01-31 11:42:14 +0000},
	Date-Modified = {2012-01-31 11:42:14 +0000},
	Isbn = {3-540-65473-9},
	Numpages = {15},
	Pages = {183--197},
	Publisher = {Springer-Verlag},
	Series = {GD '98},
	Title = {A Layout Adjustment Problem for Disjoint Rectangles Preserving Orthogonal Order},
	Url = {http://dl.acm.org/citation.cfm?id=647550.728930},
	Year = {1998},
	Bdsk-Url-1 = {http://dl.acm.org/citation.cfm?id=647550.728930}}

@article{journals/vlc/MisueELS95,
	Added-At = {2011-09-07T00:00:00.000+0200},
	Author = {Misue, Kazuo and Eades, Peter and Lai, Wei and Sugiyama, Kozo},
	Biburl = {http://www.bibsonomy.org/bibtex/2b1f8acbd9e08f3c6f288d68a61498f08/dblp},
	Date-Added = {2012-01-31 10:55:42 +0000},
	Date-Modified = {2013-05-07 10:22:36 +0000},
	Ee = {http://dx.doi.org/10.1006/jvlc.1995.1010},
	Interhash = {199f018150fa549acba1815df44c2adf},
	Intrahash = {b1f8acbd9e08f3c6f288d68a61498f08},
	Journal = {Journal of Visual Languages \& Computing},
	Keywords = {dblp},
	Number = 2,
	Pages = {183--210},
	Timestamp = {2011-09-07T00:00:00.000+0200},
	Title = {Layout Adjustment and the Mental Map.},
	Url = {http://dblp.uni-trier.de/db/journals/vlc/vlc6.html#MisueELS95},
	Volume = 6,
	Year = 1995,
	Bdsk-File-1 = {YnBsaXN0MDDUAQIDBAUGJCVYJHZlcnNpb25YJG9iamVjdHNZJGFyY2hpdmVyVCR0b3ASAAGGoKgHCBMUFRYaIVUkbnVsbNMJCgsMDxJXTlMua2V5c1pOUy5vYmplY3RzViRjbGFzc6INDoACgAOiEBGABIAFgAdccmVsYXRpdmVQYXRoWWFsaWFzRGF0YV8QMC4uL3JlZnMvTGF5b3V0IEFkanVzdG1lbnQgYW5kIHRoZSBNZW50YWwgTWFwLnBkZtIXCxgZV05TLmRhdGFPEQIcAAAAAAIcAAIAAAxNYWNpbnRvc2ggSEQAAAAAAAAAAAAAAAAAAADL4cYASCsAAAAIr9sfTGF5b3V0IEFkanVzdG1lbnQgYW5kIzhCMDAyLnBkZgAAAAAAAAAAAAAAAAAAAAAAAAAAAAAAAAAAAAAAAAAAAAiwAstNhtQAAAAAAAAAAAABAAIAAAkgAAAAAAAAAAAAAAAAAAAABHJlZnMAEAAIAADL4angAAAAEQAIAADLTXjEAAAAAQAYAAiv2wAIrYQACKypAAijHgAF+64AAMApAAIAY01hY2ludG9zaCBIRDpVc2VyczoAbWFudWVsbWFseToARG9jdW1lbnRzOgBVbmk6AE1hc3RlcmFyYmVpdDoAcmVmczoATGF5b3V0IEFkanVzdG1lbnQgYW5kIzhCMDAyLnBkZgAADgBSACgATABhAHkAbwB1AHQAIABBAGQAagB1AHMAdABtAGUAbgB0ACAAYQBuAGQAIAB0AGgAZQAgAE0AZQBuAHQAYQBsACAATQBhAHAALgBwAGQAZgAPABoADABNAGEAYwBpAG4AdABvAHMAaAAgAEgARAASAFlVc2Vycy9tYW51ZWxtYWx5L0RvY3VtZW50cy9VbmkvTWFzdGVyYXJiZWl0L3JlZnMvTGF5b3V0IEFkanVzdG1lbnQgYW5kIHRoZSBNZW50YWwgTWFwLnBkZgAAEwABLwAAFQACABH//wAAgAbSGxwdHlokY2xhc3NuYW1lWCRjbGFzc2VzXU5TTXV0YWJsZURhdGGjHR8gVk5TRGF0YVhOU09iamVjdNIbHCIjXE5TRGljdGlvbmFyeaIiIF8QD05TS2V5ZWRBcmNoaXZlctEmJ1Ryb290gAEACAARABoAIwAtADIANwBAAEYATQBVAGAAZwBqAGwAbgBxAHMAdQB3AIQAjgDBAMYAzgLuAvAC9QMAAwkDFwMbAyIDKwMwAz0DQANSA1UDWgAAAAAAAAIBAAAAAAAAACgAAAAAAAAAAAAAAAAAAANc},
	Bdsk-Url-1 = {http://dblp.uni-trier.de/db/journals/vlc/vlc6.html#MisueELS95}}

@inproceedings{Li:2005,
	Acmid = {1082334},
	Address = {Darlinghurst, Australia},
	Author = {Li, Wanchun and Eades, Peter and Nikolov, Nikola},
	Booktitle = {Proceedings of the 2005 Asia-Pacific symposium on Information visualisation (Volume 45)},
	Date-Added = {2012-01-30 10:26:59 +0000},
	Date-Modified = {2013-05-07 07:36:38 +0000},
	Isbn = {1-920-68227-9},
	Keywords = {graph drawing, node overlapping, spring algorithm},
	Location = {Sydney, Australia},
	Numpages = {10},
	Pages = {131--140},
	Publisher = {Australian Computer Society, Inc.},
	Title = {Using spring algorithms to remove node overlapping},
	Url = {http://dl.acm.org/citation.cfm?id=1082315.1082334},
	Year = {2005},
	Bdsk-File-1 = {YnBsaXN0MDDUAQIDBAUGJCVYJHZlcnNpb25YJG9iamVjdHNZJGFyY2hpdmVyVCR0b3ASAAGGoKgHCBMUFRYaIVUkbnVsbNMJCgsMDxJXTlMua2V5c1pOUy5vYmplY3RzViRjbGFzc6INDoACgAOiEBGABIAFgAdccmVsYXRpdmVQYXRoWWFsaWFzRGF0YV8QPi4uL3JlZnMvVXNpbmcgc3ByaW5nIGFsZ29yaXRobXMgdG8gcmVtb3ZlIG5vZGUgb3ZlcmxhcHBpbmcucGRm0hcLGBlXTlMuZGF0YU8RAkYAAAAAAkYAAgAADE1hY2ludG9zaCBIRAAAAAAAAAAAAAAAAAAAAMvhxgBIKwAAAAiv2x9Vc2luZyBzcHJpbmcgYWxnb3JpdGgjOEIwQUUucGRmAAAAAAAAAAAAAAAAAAAAAAAAAAAAAAAAAAAAAAAAAAAACLCuy0wrewAAAAAAAAAAAAEAAgAACSAAAAAAAAAAAAAAAAAAAAAEcmVmcwAQAAgAAMvhqeAAAAARAAgAAMtMHWsAAAABABgACK/bAAithAAIrKkACKMeAAX7rgAAwCkAAgBjTWFjaW50b3NoIEhEOlVzZXJzOgBtYW51ZWxtYWx5OgBEb2N1bWVudHM6AFVuaToATWFzdGVyYXJiZWl0OgByZWZzOgBVc2luZyBzcHJpbmcgYWxnb3JpdGgjOEIwQUUucGRmAAAOAG4ANgBVAHMAaQBuAGcAIABzAHAAcgBpAG4AZwAgAGEAbABnAG8AcgBpAHQAaABtAHMAIAB0AG8AIAByAGUAbQBvAHYAZQAgAG4AbwBkAGUAIABvAHYAZQByAGwAYQBwAHAAaQBuAGcALgBwAGQAZgAPABoADABNAGEAYwBpAG4AdABvAHMAaAAgAEgARAASAGdVc2Vycy9tYW51ZWxtYWx5L0RvY3VtZW50cy9VbmkvTWFzdGVyYXJiZWl0L3JlZnMvVXNpbmcgc3ByaW5nIGFsZ29yaXRobXMgdG8gcmVtb3ZlIG5vZGUgb3ZlcmxhcHBpbmcucGRmAAATAAEvAAAVAAIAEf//AACABtIbHB0eWiRjbGFzc25hbWVYJGNsYXNzZXNdTlNNdXRhYmxlRGF0YaMdHyBWTlNEYXRhWE5TT2JqZWN00hscIiNcTlNEaWN0aW9uYXJ5oiIgXxAPTlNLZXllZEFyY2hpdmVy0SYnVHJvb3SAAQAIABEAGgAjAC0AMgA3AEAARgBNAFUAYABnAGoAbABuAHEAcwB1AHcAhACOAM8A1ADcAyYDKAMtAzgDQQNPA1MDWgNjA2gDdQN4A4oDjQOSAAAAAAAAAgEAAAAAAAAAKAAAAAAAAAAAAAAAAAAAA5Q=},
	Bdsk-Url-1 = {http://dl.acm.org/citation.cfm?id=1082315.1082334}}

@inproceedings{Chalmers:1996:LIT:244979.245035,
	Acmid = {245035},
	Address = {Los Alamitos, CA, USA},
	Author = {Chalmers, Matthew},
	Booktitle = {Proceedings of the 7th conference on Visualization '96},
	Date-Added = {2011-06-02 18:44:44 +0200},
	Date-Modified = {2013-05-07 06:33:32 +0000},
	Isbn = {0-89791-864-9},
	Keywords = {force-directed placement, high-dimensional data, layout algorithms, spring models, stochastic algorithms, visualization},
	Location = {San Francisco, California, United States},
	Pages = {127--ff.},
	Publisher = {IEEE Computer Society Press},
	Title = {A linear iteration time layout algorithm for visualising high-dimensional data},
	Url = {http://portal.acm.org/citation.cfm?id=244979.245035},
	Year = {1996},
	Bdsk-File-1 = {YnBsaXN0MDDUAQIDBAUGJCVYJHZlcnNpb25YJG9iamVjdHNZJGFyY2hpdmVyVCR0b3ASAAGGoKgHCBMUFRYaIVUkbnVsbNMJCgsMDxJXTlMua2V5c1pOUy5vYmplY3RzViRjbGFzc6INDoACgAOiEBGABIAFgAdccmVsYXRpdmVQYXRoWWFsaWFzRGF0YW8QWgAuAC4ALwByAGUAZgBzAC8AQQAgAEwAaQBuAGUAYQByACAASQB0AGUAcgBhAHQAaQBvAG4AIABUAGkAbQBlACAATABhAHkAbwB1AHQAIABBAGwAZwBvAHIAaQB0AGgAbQAgAGYAbwByACAAVgBpAHMAdQBhAGwAaQBzAGkAbgBnACAASABpAGcAaCATAEQAaQBtAGUAbgBzAGkAbwBuAGEAbAAgAEQAYQB0AGEALgBwAGQAZtIXCxgZV05TLmRhdGFPEQKcAAAAAAKcAAIAAAxNYWNpbnRvc2ggSEQAAAAAAAAAAAAAAAAAAADL4cYASCsAAAAIr9sfQSBMaW5lYXIgSXRlcmF0aW9uIFRpIzhBRkUwLnBkZgAAAAAAAAAAAAAAAAAAAAAAAAAAAAAAAAAAAAAAAAAAAAiv4MoNiooAAAAAAAAAAAABAAIAAAkgAAAAAAAAAAAAAAAAAAAABHJlZnMAEAAIAADL4angAAAAEQAIAADKDW5qAAAAAQAYAAiv2wAIrYQACKypAAijHgAF+64AAMApAAIAY01hY2ludG9zaCBIRDpVc2VyczoAbWFudWVsbWFseToARG9jdW1lbnRzOgBVbmk6AE1hc3RlcmFyYmVpdDoAcmVmczoAQSBMaW5lYXIgSXRlcmF0aW9uIFRpIzhBRkUwLnBkZgAADgCmAFIAQQAgAEwAaQBuAGUAYQByACAASQB0AGUAcgBhAHQAaQBvAG4AIABUAGkAbQBlACAATABhAHkAbwB1AHQAIABBAGwAZwBvAHIAaQB0AGgAbQAgAGYAbwByACAAVgBpAHMAdQBhAGwAaQBzAGkAbgBnACAASABpAGcAaCATAEQAaQBtAGUAbgBzAGkAbwBuAGEAbAAgAEQAYQB0AGEALgBwAGQAZgAPABoADABNAGEAYwBpAG4AdABvAHMAaAAgAEgARAASAIVVc2Vycy9tYW51ZWxtYWx5L0RvY3VtZW50cy9VbmkvTWFzdGVyYXJiZWl0L3JlZnMvQSBMaW5lYXIgSXRlcmF0aW9uIFRpbWUgTGF5b3V0IEFsZ29yaXRobSBmb3IgVmlzdWFsaXNpbmcgSGlnaOKAk0RpbWVuc2lvbmFsIERhdGEucGRmAAATAAEvAAAVAAIAEf//AACABtIbHB0eWiRjbGFzc25hbWVYJGNsYXNzZXNdTlNNdXRhYmxlRGF0YaMdHyBWTlNEYXRhWE5TT2JqZWN00hscIiNcTlNEaWN0aW9uYXJ5oiIgXxAPTlNLZXllZEFyY2hpdmVy0SYnVHJvb3SAAQAIABEAGgAjAC0AMgA3AEAARgBNAFUAYABnAGoAbABuAHEAcwB1AHcAhACOAUUBSgFSA/ID9AP5BAQEDQQbBB8EJgQvBDQEQQREBFYEWQReAAAAAAAAAgEAAAAAAAAAKAAAAAAAAAAAAAAAAAAABGA=},
	Bdsk-Url-1 = {http://portal.acm.org/citation.cfm?id=244979.245035}}

@url{url:tuneglue,
	Date-Added = {2011-05-18 14:00:55 +0200},
	Date-Modified = {2013-05-03 18:20:11 +0000},
	Keywords = {tuneglue, vis},
	Lastchecked = {2011/05/18},
	Title = {\url{http://audiomap.tuneglue.net/}},
	Urldate = {2011/05/18}}

@incollection{gansner:1998,
	Affiliation = {AT&amp;T Labs 180 Park Ave Florham Park NJ 07932 USA},
	Author = {Gansner, Emden and North, Stephen},
	Booktitle = {Graph Drawing},
	Date-Added = {2011-05-16 12:45:59 +0200},
	Date-Modified = {2013-05-07 10:34:15 +0000},
	Pages = {364-373},
	Publisher = {Springer Berlin / Heidelberg, Germany},
	Series = {Lecture Notes in Computer Science},
	Title = {Improved Force-Directed Layouts},
	Volume = {1547},
	Year = {1998},
	Bdsk-File-1 = {YnBsaXN0MDDUAQIDBAUGJCVYJHZlcnNpb25YJG9iamVjdHNZJGFyY2hpdmVyVCR0b3ASAAGGoKgHCBMUFRYaIVUkbnVsbNMJCgsMDxJXTlMua2V5c1pOUy5vYmplY3RzViRjbGFzc6INDoACgAOiEBGABIAFgAdccmVsYXRpdmVQYXRoWWFsaWFzRGF0YV8QKy4uL3JlZnMvSW1wcm92ZWQgRm9yY2UtRGlyZWN0ZWQgTGF5b3V0cy5wZGbSFwsYGVdOUy5kYXRhTxECDAAAAAACDAACAAAMTWFjaW50b3NoIEhEAAAAAAAAAAAAAAAAAAAAy+HGAEgrAAAACK/bH0ltcHJvdmVkIEZvcmNlLURpcmVjdCM4QUZGRS5wZGYAAAAAAAAAAAAAAAAAAAAAAAAAAAAAAAAAAAAAAAAAAAAIr/7J9szcAAAAAAAAAAAAAQACAAAJIAAAAAAAAAAAAAAAAAAAAARyZWZzABAACAAAy+Gp4AAAABEACAAAyfawvAAAAAEAGAAIr9sACK2EAAisqQAIox4ABfuuAADAKQACAGNNYWNpbnRvc2ggSEQ6VXNlcnM6AG1hbnVlbG1hbHk6AERvY3VtZW50czoAVW5pOgBNYXN0ZXJhcmJlaXQ6AHJlZnM6AEltcHJvdmVkIEZvcmNlLURpcmVjdCM4QUZGRS5wZGYAAA4ASAAjAEkAbQBwAHIAbwB2AGUAZAAgAEYAbwByAGMAZQAtAEQAaQByAGUAYwB0AGUAZAAgAEwAYQB5AG8AdQB0AHMALgBwAGQAZgAPABoADABNAGEAYwBpAG4AdABvAHMAaAAgAEgARAASAFRVc2Vycy9tYW51ZWxtYWx5L0RvY3VtZW50cy9VbmkvTWFzdGVyYXJiZWl0L3JlZnMvSW1wcm92ZWQgRm9yY2UtRGlyZWN0ZWQgTGF5b3V0cy5wZGYAEwABLwAAFQACABH//wAAgAbSGxwdHlokY2xhc3NuYW1lWCRjbGFzc2VzXU5TTXV0YWJsZURhdGGjHR8gVk5TRGF0YVhOU09iamVjdNIbHCIjXE5TRGljdGlvbmFyeaIiIF8QD05TS2V5ZWRBcmNoaXZlctEmJ1Ryb290gAEACAARABoAIwAtADIANwBAAEYATQBVAGAAZwBqAGwAbgBxAHMAdQB3AIQAjgC8AMEAyQLZAtsC4ALrAvQDAgMGAw0DFgMbAygDKwM9A0ADRQAAAAAAAAIBAAAAAAAAACgAAAAAAAAAAAAAAAAAAANH}}

@inproceedings{NeuDitRau-05ismir,
	Address = {London, UK},
	Author = {Robert Neumayer and Michael Dittenbach and Andreas Rauber},
	Booktitle = {Proceedings of the 6th International Conference on Music Information Retrieval (ISMIR 2005)},
	Date-Added = {2011-05-16 10:59:42 +0200},
	Date-Modified = {2013-05-07 10:25:35 +0000},
	Isbn = {0-9551179-0-9},
	Pages = {618-623},
	Title = {PlaySOM and PocketSOMPlayer: Alternative Interfaces to Large Music Collections},
	Year = {2005},
	Bdsk-File-1 = {YnBsaXN0MDDUAQIDBAUGJCVYJHZlcnNpb25YJG9iamVjdHNZJGFyY2hpdmVyVCR0b3ASAAGGoKgHCBMUFRYaIVUkbnVsbNMJCgsMDxJXTlMua2V5c1pOUy5vYmplY3RzViRjbGFzc6INDoACgAOiEBGABIAFgAdccmVsYXRpdmVQYXRoWWFsaWFzRGF0YV8QJy4uL3JlZnMvUGxheXNvbSBhbmQgUG9ja2V0c29tcGxheWVyLnBkZtIXCxgZV05TLmRhdGFPEQIAAAAAAAIAAAIAAAxNYWNpbnRvc2ggSEQAAAAAAAAAAAAAAAAAAADL4cYASCsAAAAIr9sfUGxheXNvbSBhbmQgUG9ja2V0c29tcGxheWVyLnBkZgAAAAAAAAAAAAAAAAAAAAAAAAAAAAAAAAAAAAAAAAAAAAiwlMn2s/AAAAAAAAAAAAABAAIAAAkgAAAAAAAAAAAAAAAAAAAABHJlZnMAEAAIAADL4angAAAAEQAIAADJ9pfQAAAAAQAYAAiv2wAIrYQACKypAAijHgAF+64AAMApAAIAY01hY2ludG9zaCBIRDpVc2VyczoAbWFudWVsbWFseToARG9jdW1lbnRzOgBVbmk6AE1hc3RlcmFyYmVpdDoAcmVmczoAUGxheXNvbSBhbmQgUG9ja2V0c29tcGxheWVyLnBkZgAADgBAAB8AUABsAGEAeQBzAG8AbQAgAGEAbgBkACAAUABvAGMAawBlAHQAcwBvAG0AcABsAGEAeQBlAHIALgBwAGQAZgAPABoADABNAGEAYwBpAG4AdABvAHMAaAAgAEgARAASAFBVc2Vycy9tYW51ZWxtYWx5L0RvY3VtZW50cy9VbmkvTWFzdGVyYXJiZWl0L3JlZnMvUGxheXNvbSBhbmQgUG9ja2V0c29tcGxheWVyLnBkZgATAAEvAAAVAAIAEf//AACABtIbHB0eWiRjbGFzc25hbWVYJGNsYXNzZXNdTlNNdXRhYmxlRGF0YaMdHyBWTlNEYXRhWE5TT2JqZWN00hscIiNcTlNEaWN0aW9uYXJ5oiIgXxAPTlNLZXllZEFyY2hpdmVy0SYnVHJvb3SAAQAIABEAGgAjAC0AMgA3AEAARgBNAFUAYABnAGoAbABuAHEAcwB1AHcAhACOALgAvQDFAskCywLQAtsC5ALyAvYC/QMGAwsDGAMbAy0DMAM1AAAAAAAAAgEAAAAAAAAAKAAAAAAAAAAAAAAAAAAAAzc=}}

@inproceedings{Dittenbach:2007,
	Acmid = {1282292},
	Address = {New York, NY, USA},
	Author = {Dittenbach, Michael and Berger, Helmut and Genswaider, Ronald and Pesenhofer, Andreas and Rauber, Andreas and Lidy, Thomas and Merkl, Dieter},
	Booktitle = {Proceedings of the 6th ACM international conference on Image and video retrieval},
	Date-Added = {2011-04-28 13:53:05 +0200},
	Date-Modified = {2011-04-28 13:53:15 +0200},
	Doi = {http://doi.acm.org/10.1145/1282280.1282292},
	Isbn = {978-1-59593-733-9},
	Keywords = {3D collaborative environments, game engine, multimedia, self-organizing map},
	Location = {Amsterdam, The Netherlands},
	Numpages = {4},
	Pages = {85--88},
	Publisher = {ACM},
	Series = {CIVR '07},
	Title = {Shaping 3D multimedia environments: the MediaSquare},
	Url = {http://doi.acm.org/10.1145/1282280.1282292},
	Year = {2007},
	Bdsk-Url-1 = {http://doi.acm.org/10.1145/1282280.1282292}}

@inproceedings{RAU-02ismir,
	Address = {Paris, France},
	Author = {Rauber, A. and Pampalk, E. and Merkl, D.},
	Booktitle = {Proceedings of the 3rd International Symposium on Music Information Retrieval},
	Date-Added = {2011-04-05 11:20:10 +0200},
	Date-Modified = {2011-04-05 11:20:10 +0200},
	Isbn = {2-84426-166-3},
	Month = {October 13-17},
	Note = {\url{http://www.ifs.tuwien.ac.at/ifs/research/publications.html}},
	Pages = {71-80},
	Title = {Using Psycho-Acoustic Models and Self-Organizing Maps to Create a Hierarchical Structuring of Music by Musical Styles},
	Year = 2002,
	Bdsk-File-1 = {YnBsaXN0MDDUAQIDBAUGJCVYJHZlcnNpb25YJG9iamVjdHNZJGFyY2hpdmVyVCR0b3ASAAGGoKgHCBMUFRYaIVUkbnVsbNMJCgsMDxJXTlMua2V5c1pOUy5vYmplY3RzViRjbGFzc6INDoACgAOiEBGABIAFgAdccmVsYXRpdmVQYXRoWWFsaWFzRGF0YV8Qgy4uL3JlZnMvVXNpbmcgUHN5Y2hvLUFjb3VzdGljIE1vZGVscyBhbmQgU2VsZi1Pcmdhbml6aW5nIE1hcHMgdG8gQ3JlYXRlIGEgSGllcmFyY2hpY2FsIFN0cnVjdHVyaW5nIG9mIE11c2ljIGJ5IFNvdW5kIFNpbWlsYXJpdHkucGRm0hcLGBlXTlMuZGF0YU8RAxQAAAAAAxQAAgAADE1hY2ludG9zaCBIRAAAAAAAAAAAAAAAAAAAAMvhxgBIKwAAAAiv2x9Vc2luZyBQc3ljaG8tQWNvdXN0aWMjOEIwQUMucGRmAAAAAAAAAAAAAAAAAAAAAAAAAAAAAAAAAAAAAAAAAAAACLCsycCrdwAAAAAAAAAAAAEAAgAACSAAAAAAAAAAAAAAAAAAAAAEcmVmcwAQAAgAAMvhqeAAAAARAAgAAMnAj1cAAAABABgACK/bAAithAAIrKkACKMeAAX7rgAAwCkAAgBjTWFjaW50b3NoIEhEOlVzZXJzOgBtYW51ZWxtYWx5OgBEb2N1bWVudHM6AFVuaToATWFzdGVyYXJiZWl0OgByZWZzOgBVc2luZyBQc3ljaG8tQWNvdXN0aWMjOEIwQUMucGRmAAAOAPgAewBVAHMAaQBuAGcAIABQAHMAeQBjAGgAbwAtAEEAYwBvAHUAcwB0AGkAYwAgAE0AbwBkAGUAbABzACAAYQBuAGQAIABTAGUAbABmAC0ATwByAGcAYQBuAGkAegBpAG4AZwAgAE0AYQBwAHMAIAB0AG8AIABDAHIAZQBhAHQAZQAgAGEAIABIAGkAZQByAGEAcgBjAGgAaQBjAGEAbAAgAFMAdAByAHUAYwB0AHUAcgBpAG4AZwAgAG8AZgAgAE0AdQBzAGkAYwAgAGIAeQAgAFMAbwB1AG4AZAAgAFMAaQBtAGkAbABhAHIAaQB0AHkALgBwAGQAZgAPABoADABNAGEAYwBpAG4AdABvAHMAaAAgAEgARAASAKxVc2Vycy9tYW51ZWxtYWx5L0RvY3VtZW50cy9VbmkvTWFzdGVyYXJiZWl0L3JlZnMvVXNpbmcgUHN5Y2hvLUFjb3VzdGljIE1vZGVscyBhbmQgU2VsZi1Pcmdhbml6aW5nIE1hcHMgdG8gQ3JlYXRlIGEgSGllcmFyY2hpY2FsIFN0cnVjdHVyaW5nIG9mIE11c2ljIGJ5IFNvdW5kIFNpbWlsYXJpdHkucGRmABMAAS8AABUAAgAR//8AAIAG0hscHR5aJGNsYXNzbmFtZVgkY2xhc3Nlc11OU011dGFibGVEYXRhox0fIFZOU0RhdGFYTlNPYmplY3TSGxwiI1xOU0RpY3Rpb25hcnmiIiBfEA9OU0tleWVkQXJjaGl2ZXLRJidUcm9vdIABAAgAEQAaACMALQAyADcAQABGAE0AVQBgAGcAagBsAG4AcQBzAHUAdwCEAI4BFAEZASEEOQQ7BEAESwRUBGIEZgRtBHYEewSIBIsEnQSgBKUAAAAAAAACAQAAAAAAAAAoAAAAAAAAAAAAAAAAAAAEpw==}}

@inproceedings{McFee:2009,
	Acmid = {1553467},
	Address = {New York, NY, USA},
	Author = {McFee, Brian and Lanckriet, Gert},
	Booktitle = {Proceedings of the 26th Annual International Conference on Machine Learning},
	Date-Added = {2011-04-04 16:21:40 +0200},
	Date-Modified = {2011-04-04 16:22:11 +0200},
	Doi = {http://doi.acm.org/10.1145/1553374.1553467},
	Isbn = {978-1-60558-516-1},
	Keywords = {partial order embedding},
	Location = {Montreal, Quebec, Canada},
	Numpages = {8},
	Pages = {721--728},
	Publisher = {ACM},
	Series = {ICML '09},
	Title = {Partial order embedding with multiple kernels},
	Url = {http://doi.acm.org/10.1145/1553374.1553467},
	Year = {2009},
	Bdsk-File-1 = {YnBsaXN0MDDUAQIDBAUGJCVYJHZlcnNpb25YJG9iamVjdHNZJGFyY2hpdmVyVCR0b3ASAAGGoKgHCBMUFRYaIVUkbnVsbNMJCgsMDxJXTlMua2V5c1pOUy5vYmplY3RzViRjbGFzc6INDoACgAOiEBGABIAFgAdccmVsYXRpdmVQYXRoWWFsaWFzRGF0YV8QOS4uL3JlZnMvUGFydGlhbCBPcmRlciBFbWJlZGRpbmcgd2l0aCBNdWx0aXBsZSBLZXJuZWxzLnBkZtIXCxgZV05TLmRhdGFPEQI2AAAAAAI2AAIAAAxNYWNpbnRvc2ggSEQAAAAAAAAAAAAAAAAAAADL4cYASCsAAAAIr9sfUGFydGlhbCBPcmRlciBFbWJlZGRpIzhCMDkyLnBkZgAAAAAAAAAAAAAAAAAAAAAAAAAAAAAAAAAAAAAAAAAAAAiwksm/oGMAAAAAAAAAAAABAAIAAAkgAAAAAAAAAAAAAAAAAAAABHJlZnMAEAAIAADL4angAAAAEQAIAADJv4RDAAAAAQAYAAiv2wAIrYQACKypAAijHgAF+64AAMApAAIAY01hY2ludG9zaCBIRDpVc2VyczoAbWFudWVsbWFseToARG9jdW1lbnRzOgBVbmk6AE1hc3RlcmFyYmVpdDoAcmVmczoAUGFydGlhbCBPcmRlciBFbWJlZGRpIzhCMDkyLnBkZgAADgBkADEAUABhAHIAdABpAGEAbAAgAE8AcgBkAGUAcgAgAEUAbQBiAGUAZABkAGkAbgBnACAAdwBpAHQAaAAgAE0AdQBsAHQAaQBwAGwAZQAgAEsAZQByAG4AZQBsAHMALgBwAGQAZgAPABoADABNAGEAYwBpAG4AdABvAHMAaAAgAEgARAASAGJVc2Vycy9tYW51ZWxtYWx5L0RvY3VtZW50cy9VbmkvTWFzdGVyYXJiZWl0L3JlZnMvUGFydGlhbCBPcmRlciBFbWJlZGRpbmcgd2l0aCBNdWx0aXBsZSBLZXJuZWxzLnBkZgATAAEvAAAVAAIAEf//AACABtIbHB0eWiRjbGFzc25hbWVYJGNsYXNzZXNdTlNNdXRhYmxlRGF0YaMdHyBWTlNEYXRhWE5TT2JqZWN00hscIiNcTlNEaWN0aW9uYXJ5oiIgXxAPTlNLZXllZEFyY2hpdmVy0SYnVHJvb3SAAQAIABEAGgAjAC0AMgA3AEAARgBNAFUAYABnAGoAbABuAHEAcwB1AHcAhACOAMoAzwDXAxEDEwMYAyMDLAM6Az4DRQNOA1MDYANjA3UDeAN9AAAAAAAAAgEAAAAAAAAAKAAAAAAAAAAAAAAAAAAAA38=}}

@inproceedings{Marshall:2010,
	Address = {Las Vegas, USA},
	Author = {Marshall, B.},
	Booktitle = {Proceedings of the 2010 IEEE International Conference on Information Reuse and Integration (IRI 2010)},
	Date-Added = {2011-03-18 16:52:59 +0100},
	Date-Modified = {2013-05-07 10:20:23 +0000},
	Doi = {10.1109/IRI.2010.5558960},
	Keywords = {Web API;application program interfaces;artist collaborations;artist similarity identification;multiple genre artists;music recommendation;music retrieval;rank fusion solution;user accounts;application program interfaces;information retrieval;music;recommender systems;},
	Month = aug.,
	Pages = {75 -79},
	Title = {Aggregating music recommendation Web APIs by artist},
	Year = {2010},
	Bdsk-File-1 = {YnBsaXN0MDDUAQIDBAUGJCVYJHZlcnNpb25YJG9iamVjdHNZJGFyY2hpdmVyVCR0b3ASAAGGoKgHCBMUFRYaIVUkbnVsbNMJCgsMDxJXTlMua2V5c1pOUy5vYmplY3RzViRjbGFzc6INDoACgAOiEBGABIAFgAdccmVsYXRpdmVQYXRoWWFsaWFzRGF0YV8QPy4uL3JlZnMvQWdncmVnYXRpbmcgTXVzaWMgUmVjb21tZW5kYXRpb24gV2ViIEFQSXMgYnkgQXJ0aXN0LnBkZtIXCxgZV05TLmRhdGFPEQJIAAAAAAJIAAIAAAxNYWNpbnRvc2ggSEQAAAAAAAAAAAAAAAAAAADL4cYASCsAAAAIr9sfQWdncmVnYXRpbmcgTXVzaWMgUiMxNTQ5QzIyLnBkZgAAAAAAAAAAAAAAAAAAAAAAAAAAAAAAAAAAAAAAAAAAAVScIsmpM54AAAAAAAAAAAABAAIAAAkgAAAAAAAAAAAAAAAAAAAABHJlZnMAEAAIAADL4angAAAAEQAIAADJqSWOAAAAAQAYAAiv2wAIrYQACKypAAijHgAF+64AAMApAAIAY01hY2ludG9zaCBIRDpVc2VyczoAbWFudWVsbWFseToARG9jdW1lbnRzOgBVbmk6AE1hc3RlcmFyYmVpdDoAcmVmczoAQWdncmVnYXRpbmcgTXVzaWMgUiMxNTQ5QzIyLnBkZgAADgBwADcAQQBnAGcAcgBlAGcAYQB0AGkAbgBnACAATQB1AHMAaQBjACAAUgBlAGMAbwBtAG0AZQBuAGQAYQB0AGkAbwBuACAAVwBlAGIAIABBAFAASQBzACAAYgB5ACAAQQByAHQAaQBzAHQALgBwAGQAZgAPABoADABNAGEAYwBpAG4AdABvAHMAaAAgAEgARAASAGhVc2Vycy9tYW51ZWxtYWx5L0RvY3VtZW50cy9VbmkvTWFzdGVyYXJiZWl0L3JlZnMvQWdncmVnYXRpbmcgTXVzaWMgUmVjb21tZW5kYXRpb24gV2ViIEFQSXMgYnkgQXJ0aXN0LnBkZgATAAEvAAAVAAIAEf//AACABtIbHB0eWiRjbGFzc25hbWVYJGNsYXNzZXNdTlNNdXRhYmxlRGF0YaMdHyBWTlNEYXRhWE5TT2JqZWN00hscIiNcTlNEaWN0aW9uYXJ5oiIgXxAPTlNLZXllZEFyY2hpdmVy0SYnVHJvb3SAAQAIABEAGgAjAC0AMgA3AEAARgBNAFUAYABnAGoAbABuAHEAcwB1AHcAhACOANAA1QDdAykDKwMwAzsDRANSA1YDXQNmA2sDeAN7A40DkAOVAAAAAAAAAgEAAAAAAAAAKAAAAAAAAAAAAAAAAAAAA5c=}}

@inproceedings{Whitman02inferringdescriptions,
	Address = {Gothenburg, Sweden},
	Author = {Brian Whitman and Steve Lawrence},
	Booktitle = {Proceedings of the 2002 International Computer Music Conference (ICMC 2002)},
	Date-Added = {2011-03-18 14:32:08 +0100},
	Date-Modified = {2013-05-07 10:31:15 +0000},
	Keywords = {artist sim.},
	Pages = {591--598},
	Title = {Inferring descriptions and similarity for music from community metadata},
	Year = {2002},
	Bdsk-File-1 = {YnBsaXN0MDDUAQIDBAUGJCVYJHZlcnNpb25YJG9iamVjdHNZJGFyY2hpdmVyVCR0b3ASAAGGoKgHCBMUFRYaIVUkbnVsbNMJCgsMDxJXTlMua2V5c1pOUy5vYmplY3RzViRjbGFzc6INDoACgAOiEBGABIAFgAdccmVsYXRpdmVQYXRoWWFsaWFzRGF0YV8QUy4uL3JlZnMvSW5mZXJyaW5nIERlc2NyaXB0aW9ucyBhbmQgU2ltaWxhcml0eSBmb3IgTXVzaWMgZnJvbSBDb21tdW5pdHkgTWV0YWRhdGEucGRm0hcLGBlXTlMuZGF0YU8RAoQAAAAAAoQAAgAADE1hY2ludG9zaCBIRAAAAAAAAAAAAAAAAAAAAMvhxgBIKwAAAAiv2x9JbmZlcnJpbmcgRGVzY3JpcHRpb24jOEIwMDAucGRmAAAAAAAAAAAAAAAAAAAAAAAAAAAAAAAAAAAAAAAAAAAACLAAyakdGAAAAAAAAAAAAAEAAgAACSAAAAAAAAAAAAAAAAAAAAAEcmVmcwAQAAgAAMvhqeAAAAARAAgAAMmpDwgAAAABABgACK/bAAithAAIrKkACKMeAAX7rgAAwCkAAgBjTWFjaW50b3NoIEhEOlVzZXJzOgBtYW51ZWxtYWx5OgBEb2N1bWVudHM6AFVuaToATWFzdGVyYXJiZWl0OgByZWZzOgBJbmZlcnJpbmcgRGVzY3JpcHRpb24jOEIwMDAucGRmAAAOAJgASwBJAG4AZgBlAHIAcgBpAG4AZwAgAEQAZQBzAGMAcgBpAHAAdABpAG8AbgBzACAAYQBuAGQAIABTAGkAbQBpAGwAYQByAGkAdAB5ACAAZgBvAHIAIABNAHUAcwBpAGMAIABmAHIAbwBtACAAQwBvAG0AbQB1AG4AaQB0AHkAIABNAGUAdABhAGQAYQB0AGEALgBwAGQAZgAPABoADABNAGEAYwBpAG4AdABvAHMAaAAgAEgARAASAHxVc2Vycy9tYW51ZWxtYWx5L0RvY3VtZW50cy9VbmkvTWFzdGVyYXJiZWl0L3JlZnMvSW5mZXJyaW5nIERlc2NyaXB0aW9ucyBhbmQgU2ltaWxhcml0eSBmb3IgTXVzaWMgZnJvbSBDb21tdW5pdHkgTWV0YWRhdGEucGRmABMAAS8AABUAAgAR//8AAIAG0hscHR5aJGNsYXNzbmFtZVgkY2xhc3Nlc11OU011dGFibGVEYXRhox0fIFZOU0RhdGFYTlNPYmplY3TSGxwiI1xOU0RpY3Rpb25hcnmiIiBfEA9OU0tleWVkQXJjaGl2ZXLRJidUcm9vdIABAAgAEQAaACMALQAyADcAQABGAE0AVQBgAGcAagBsAG4AcQBzAHUAdwCEAI4A5ADpAPEDeQN7A4ADiwOUA6IDpgOtA7YDuwPIA8sD3QPgA+UAAAAAAAACAQAAAAAAAAAoAAAAAAAAAAAAAAAAAAAD5w==}}

@inproceedings{Geleijnse06taggingartists,
	Author = {Gijs Geleijnse and Jan Korst},
	Booktitle = {Proceedings Third Philips Symposium on Intelligent Algorithms (SOIA 2006), pages 171 -- 182},
	Date-Added = {2011-02-23 11:14:00 +0100},
	Date-Modified = {2011-02-23 11:14:00 +0100},
	Title = {Tagging artists using cooccurrences on the web},
	Year = {2006},
	Bdsk-File-1 = {YnBsaXN0MDDUAQIDBAUGJCVYJHZlcnNpb25YJG9iamVjdHNZJGFyY2hpdmVyVCR0b3ASAAGGoKgHCBMUFRYaIVUkbnVsbNMJCgsMDxJXTlMua2V5c1pOUy5vYmplY3RzViRjbGFzc6INDoACgAOiEBGABIAFgAdccmVsYXRpdmVQYXRoWWFsaWFzRGF0YV8QOy4uL3JlZnMvVGFnZ2luZyBBcnRpc3RzIHVzaW5nIENvLU9jY3VycmVuY2VzIG9uIHRoZSBXZWIucGRm0hcLGBlXTlMuZGF0YU8RAjwAAAAAAjwAAgAADE1hY2ludG9zaCBIRAAAAAAAAAAAAAAAAAAAAMvhxgBIKwAAAAiv2x9UYWdnaW5nIEFydGlzdHMgdXNpbmcjOEIwQTIucGRmAAAAAAAAAAAAAAAAAAAAAAAAAAAAAAAAAAAAAAAAAAAACLCiyYqcbAAAAAAAAAAAAAEAAgAACSAAAAAAAAAAAAAAAAAAAAAEcmVmcwAQAAgAAMvhqeAAAAARAAgAAMmKjlwAAAABABgACK/bAAithAAIrKkACKMeAAX7rgAAwCkAAgBjTWFjaW50b3NoIEhEOlVzZXJzOgBtYW51ZWxtYWx5OgBEb2N1bWVudHM6AFVuaToATWFzdGVyYXJiZWl0OgByZWZzOgBUYWdnaW5nIEFydGlzdHMgdXNpbmcjOEIwQTIucGRmAAAOAGgAMwBUAGEAZwBnAGkAbgBnACAAQQByAHQAaQBzAHQAcwAgAHUAcwBpAG4AZwAgAEMAbwAtAE8AYwBjAHUAcgByAGUAbgBjAGUAcwAgAG8AbgAgAHQAaABlACAAVwBlAGIALgBwAGQAZgAPABoADABNAGEAYwBpAG4AdABvAHMAaAAgAEgARAASAGRVc2Vycy9tYW51ZWxtYWx5L0RvY3VtZW50cy9VbmkvTWFzdGVyYXJiZWl0L3JlZnMvVGFnZ2luZyBBcnRpc3RzIHVzaW5nIENvLU9jY3VycmVuY2VzIG9uIHRoZSBXZWIucGRmABMAAS8AABUAAgAR//8AAIAG0hscHR5aJGNsYXNzbmFtZVgkY2xhc3Nlc11OU011dGFibGVEYXRhox0fIFZOU0RhdGFYTlNPYmplY3TSGxwiI1xOU0RpY3Rpb25hcnmiIiBfEA9OU0tleWVkQXJjaGl2ZXLRJidUcm9vdIABAAgAEQAaACMALQAyADcAQABGAE0AVQBgAGcAagBsAG4AcQBzAHUAdwCEAI4AzADRANkDGQMbAyADKwM0A0IDRgNNA1YDWwNoA2sDfQOAA4UAAAAAAAACAQAAAAAAAAAoAAAAAAAAAAAAAAAAAAADhw==}}

@inproceedings{Pampalk02content-basedorganization,
	Author = {Elias Pampalk and Andreas Rauber and Dieter Merkl},
	Date-Added = {2011-02-23 11:05:55 +0100},
	Date-Modified = {2011-02-23 11:06:41 +0100},
	Keywords = {vis},
	Pages = {570--579},
	Publisher = {ACM},
	Title = {Content-based Organization and Visualization of Music Archives},
	Year = {2002},
	Bdsk-File-1 = {YnBsaXN0MDDUAQIDBAUGJCVYJHZlcnNpb25YJG9iamVjdHNZJGFyY2hpdmVyVCR0b3ASAAGGoKgHCBMUFRYaIVUkbnVsbNMJCgsMDxJXTlMua2V5c1pOUy5vYmplY3RzViRjbGFzc6INDoACgAOiEBGABIAFgAdccmVsYXRpdmVQYXRoWWFsaWFzRGF0YV8QSi4uL3JlZnMvQ29udGVudC1iYXNlZCBPcmdhbml6YXRpb24gYW5kIFZpc3VhbGl6YXRpb24gb2YgTXVzaWMgQXJjaGl2ZXMucGRm0hcLGBlXTlMuZGF0YU8RAmoAAAAAAmoAAgAADE1hY2ludG9zaCBIRAAAAAAAAAAAAAAAAAAAAMvhxgBIKwAAAAiv2x9Db250ZW50LWJhc2VkIE9yZ2FuaXojOEFGRTgucGRmAAAAAAAAAAAAAAAAAAAAAAAAAAAAAAAAAAAAAAAAAAAACK/oyYqaPAAAAAAAAAAAAAEAAgAACSAAAAAAAAAAAAAAAAAAAAAEcmVmcwAQAAgAAMvhqeAAAAARAAgAAMmKjCwAAAABABgACK/bAAithAAIrKkACKMeAAX7rgAAwCkAAgBjTWFjaW50b3NoIEhEOlVzZXJzOgBtYW51ZWxtYWx5OgBEb2N1bWVudHM6AFVuaToATWFzdGVyYXJiZWl0OgByZWZzOgBDb250ZW50LWJhc2VkIE9yZ2FuaXojOEFGRTgucGRmAAAOAIYAQgBDAG8AbgB0AGUAbgB0AC0AYgBhAHMAZQBkACAATwByAGcAYQBuAGkAegBhAHQAaQBvAG4AIABhAG4AZAAgAFYAaQBzAHUAYQBsAGkAegBhAHQAaQBvAG4AIABvAGYAIABNAHUAcwBpAGMAIABBAHIAYwBoAGkAdgBlAHMALgBwAGQAZgAPABoADABNAGEAYwBpAG4AdABvAHMAaAAgAEgARAASAHNVc2Vycy9tYW51ZWxtYWx5L0RvY3VtZW50cy9VbmkvTWFzdGVyYXJiZWl0L3JlZnMvQ29udGVudC1iYXNlZCBPcmdhbml6YXRpb24gYW5kIFZpc3VhbGl6YXRpb24gb2YgTXVzaWMgQXJjaGl2ZXMucGRmAAATAAEvAAAVAAIAEf//AACABtIbHB0eWiRjbGFzc25hbWVYJGNsYXNzZXNdTlNNdXRhYmxlRGF0YaMdHyBWTlNEYXRhWE5TT2JqZWN00hscIiNcTlNEaWN0aW9uYXJ5oiIgXxAPTlNLZXllZEFyY2hpdmVy0SYnVHJvb3SAAQAIABEAGgAjAC0AMgA3AEAARgBNAFUAYABnAGoAbABuAHEAcwB1AHcAhACOANsA4ADoA1YDWANdA2gDcQN/A4MDigOTA5gDpQOoA7oDvQPCAAAAAAAAAgEAAAAAAAAAKAAAAAAAAAAAAAAAAAAAA8Q=}}

@inproceedings{Ellis02thequest,
	Address = {Centre Pompidou, Paris, France},
	Author = {Daniel P. W. Ellis and Brian Whitman},
	Booktitle = {Proceedings of the 3rd International Symposium on Music Information Retrieval (ISMIR 2002)},
	Date-Added = {2011-02-23 11:00:15 +0100},
	Date-Modified = {2013-05-07 10:15:28 +0000},
	Keywords = {artist sim.},
	Pages = {170--177},
	Title = {The Quest for Ground Truth in Musical Artist Similarity},
	Year = {2002},
	Bdsk-File-1 = {YnBsaXN0MDDUAQIDBAUGJCVYJHZlcnNpb25YJG9iamVjdHNZJGFyY2hpdmVyVCR0b3ASAAGGoKgHCBMUFRYaIVUkbnVsbNMJCgsMDxJXTlMua2V5c1pOUy5vYmplY3RzViRjbGFzc6INDoACgAOiEBGABIAFgAdccmVsYXRpdmVQYXRoWWFsaWFzRGF0YV8QQy4uL3JlZnMvVGhlIFF1ZXN0IGZvciBHcm91bmQgVHJ1dGggaW4gTXVzaWNhbCBBcnRpc3QgU2ltaWxhcml0eS5wZGbSFwsYGVdOUy5kYXRhTxECVAAAAAACVAACAAAMTWFjaW50b3NoIEhEAAAAAAAAAAAAAAAAAAAAy+HGAEgrAAAACK/bH1RoZSBRdWVzdCBmb3IgR3JvdW5kICM4QjBBQS5wZGYAAAAAAAAAAAAAAAAAAAAAAAAAAAAAAAAAAAAAAAAAAAAIsKrJv404AAAAAAAAAAAAAQACAAAJIAAAAAAAAAAAAAAAAAAAAARyZWZzABAACAAAy+Gp4AAAABEACAAAyb9xGAAAAAEAGAAIr9sACK2EAAisqQAIox4ABfuuAADAKQACAGNNYWNpbnRvc2ggSEQ6VXNlcnM6AG1hbnVlbG1hbHk6AERvY3VtZW50czoAVW5pOgBNYXN0ZXJhcmJlaXQ6AHJlZnM6AFRoZSBRdWVzdCBmb3IgR3JvdW5kICM4QjBBQS5wZGYAAA4AeAA7AFQAaABlACAAUQB1AGUAcwB0ACAAZgBvAHIAIABHAHIAbwB1AG4AZAAgAFQAcgB1AHQAaAAgAGkAbgAgAE0AdQBzAGkAYwBhAGwAIABBAHIAdABpAHMAdAAgAFMAaQBtAGkAbABhAHIAaQB0AHkALgBwAGQAZgAPABoADABNAGEAYwBpAG4AdABvAHMAaAAgAEgARAASAGxVc2Vycy9tYW51ZWxtYWx5L0RvY3VtZW50cy9VbmkvTWFzdGVyYXJiZWl0L3JlZnMvVGhlIFF1ZXN0IGZvciBHcm91bmQgVHJ1dGggaW4gTXVzaWNhbCBBcnRpc3QgU2ltaWxhcml0eS5wZGYAEwABLwAAFQACABH//wAAgAbSGxwdHlokY2xhc3NuYW1lWCRjbGFzc2VzXU5TTXV0YWJsZURhdGGjHR8gVk5TRGF0YVhOU09iamVjdNIbHCIjXE5TRGljdGlvbmFyeaIiIF8QD05TS2V5ZWRBcmNoaXZlctEmJ1Ryb290gAEACAARABoAIwAtADIANwBAAEYATQBVAGAAZwBqAGwAbgBxAHMAdQB3AIQAjgDUANkA4QM5AzsDQANLA1QDYgNmA20DdgN7A4gDiwOdA6ADpQAAAAAAAAIBAAAAAAAAACgAAAAAAAAAAAAAAAAAAAOn}}

@inproceedings{Berenzweig03alarge-scale,
	Author = {Adam Berenzweig and Beth Logan and Daniel P. W. Ellis and Brian Whitman},
	Booktitle = {Computer Music Journal},
	Date-Added = {2011-02-23 10:56:28 +0100},
	Date-Modified = {2011-02-23 10:56:40 +0100},
	Keywords = {artist sim.},
	Title = {A Large-Scale Evaluation of Acoustic and Subjective Music Similarity Measures},
	Year = {2003},
	Bdsk-File-1 = {YnBsaXN0MDDUAQIDBAUGJCVYJHZlcnNpb25YJG9iamVjdHNZJGFyY2hpdmVyVCR0b3ASAAGGoKgHCBMUFRYaIVUkbnVsbNMJCgsMDxJXTlMua2V5c1pOUy5vYmplY3RzViRjbGFzc6INDoACgAOiEBGABIAFgAdccmVsYXRpdmVQYXRoWWFsaWFzRGF0YV8QWS4uL3JlZnMvQSBMYXJnZS1TY2FsZSBFdmFsdWF0aW9uIG9mIEFjb3VzdGljIGFuZCBTdWJqZWN0aXZlIE11c2ljIFNpbWlsYXJpdHkgTWVhc3VyZXMucGRm0hcLGBlXTlMuZGF0YU8RApYAAAAAApYAAgAADE1hY2ludG9zaCBIRAAAAAAAAAAAAAAAAAAAAMvhxgBIKwAAAAiv2x9BIExhcmdlLVNjYWxlIEV2YWx1YXQjOEFGREUucGRmAAAAAAAAAAAAAAAAAAAAAAAAAAAAAAAAAAAAAAAAAAAACK/eyYqYOgAAAAAAAAAAAAEAAgAACSAAAAAAAAAAAAAAAAAAAAAEcmVmcwAQAAgAAMvhqeAAAAARAAgAAMmKiioAAAABABgACK/bAAithAAIrKkACKMeAAX7rgAAwCkAAgBjTWFjaW50b3NoIEhEOlVzZXJzOgBtYW51ZWxtYWx5OgBEb2N1bWVudHM6AFVuaToATWFzdGVyYXJiZWl0OgByZWZzOgBBIExhcmdlLVNjYWxlIEV2YWx1YXQjOEFGREUucGRmAAAOAKQAUQBBACAATABhAHIAZwBlAC0AUwBjAGEAbABlACAARQB2AGEAbAB1AGEAdABpAG8AbgAgAG8AZgAgAEEAYwBvAHUAcwB0AGkAYwAgAGEAbgBkACAAUwB1AGIAagBlAGMAdABpAHYAZQAgAE0AdQBzAGkAYwAgAFMAaQBtAGkAbABhAHIAaQB0AHkAIABNAGUAYQBzAHUAcgBlAHMALgBwAGQAZgAPABoADABNAGEAYwBpAG4AdABvAHMAaAAgAEgARAASAIJVc2Vycy9tYW51ZWxtYWx5L0RvY3VtZW50cy9VbmkvTWFzdGVyYXJiZWl0L3JlZnMvQSBMYXJnZS1TY2FsZSBFdmFsdWF0aW9uIG9mIEFjb3VzdGljIGFuZCBTdWJqZWN0aXZlIE11c2ljIFNpbWlsYXJpdHkgTWVhc3VyZXMucGRmABMAAS8AABUAAgAR//8AAIAG0hscHR5aJGNsYXNzbmFtZVgkY2xhc3Nlc11OU011dGFibGVEYXRhox0fIFZOU0RhdGFYTlNPYmplY3TSGxwiI1xOU0RpY3Rpb25hcnmiIiBfEA9OU0tleWVkQXJjaGl2ZXLRJidUcm9vdIABAAgAEQAaACMALQAyADcAQABGAE0AVQBgAGcAagBsAG4AcQBzAHUAdwCEAI4A6gDvAPcDkQOTA5gDowOsA7oDvgPFA84D0wPgA+MD9QP4A/0AAAAAAAACAQAAAAAAAAAoAAAAAAAAAAAAAAAAAAAD/w==}}

@inproceedings{Agarwal:2007ai,
	Address = {San Juan, Puerto Rico},
	Author = {Sameer Agarwal and Josh Wills and Lawrence Cayton and Gert Lanckriet and David Kriegman and Serge Belongie},
	Booktitle = {AISTATS},
	Date-Added = {2011-02-23 10:51:57 +0100},
	Date-Modified = {2011-02-23 10:53:17 +0100},
	Keywords = {MDS},
	Title = {Generalized Non-metric Multidimensional Scaling},
	Year = {2007},
	Bdsk-File-1 = {YnBsaXN0MDDUAQIDBAUGJCVYJHZlcnNpb25YJG9iamVjdHNZJGFyY2hpdmVyVCR0b3ASAAGGoKgHCBMUFRYaIVUkbnVsbNMJCgsMDxJXTlMua2V5c1pOUy5vYmplY3RzViRjbGFzc6INDoACgAOiEBGABIAFgAdccmVsYXRpdmVQYXRoWWFsaWFzRGF0YV8QOy4uL3JlZnMvR2VuZXJhbGl6ZWQgTm9uLW1ldHJpYyBNdWx0aWRpbWVuc2lvbmFsIFNjYWxpbmcucGRm0hcLGBlXTlMuZGF0YU8RAjwAAAAAAjwAAgAADE1hY2ludG9zaCBIRAAAAAAAAAAAAAAAAAAAAMvhxgBIKwAAAAiv2x9HZW5lcmFsaXplZCBOb24tbWV0cmkjOEFGRjYucGRmAAAAAAAAAAAAAAAAAAAAAAAAAAAAAAAAAAAAAAAAAAAACK/2yYqXLAAAAAAAAAAAAAEAAgAACSAAAAAAAAAAAAAAAAAAAAAEcmVmcwAQAAgAAMvhqeAAAAARAAgAAMmKiRwAAAABABgACK/bAAithAAIrKkACKMeAAX7rgAAwCkAAgBjTWFjaW50b3NoIEhEOlVzZXJzOgBtYW51ZWxtYWx5OgBEb2N1bWVudHM6AFVuaToATWFzdGVyYXJiZWl0OgByZWZzOgBHZW5lcmFsaXplZCBOb24tbWV0cmkjOEFGRjYucGRmAAAOAGgAMwBHAGUAbgBlAHIAYQBsAGkAegBlAGQAIABOAG8AbgAtAG0AZQB0AHIAaQBjACAATQB1AGwAdABpAGQAaQBtAGUAbgBzAGkAbwBuAGEAbAAgAFMAYwBhAGwAaQBuAGcALgBwAGQAZgAPABoADABNAGEAYwBpAG4AdABvAHMAaAAgAEgARAASAGRVc2Vycy9tYW51ZWxtYWx5L0RvY3VtZW50cy9VbmkvTWFzdGVyYXJiZWl0L3JlZnMvR2VuZXJhbGl6ZWQgTm9uLW1ldHJpYyBNdWx0aWRpbWVuc2lvbmFsIFNjYWxpbmcucGRmABMAAS8AABUAAgAR//8AAIAG0hscHR5aJGNsYXNzbmFtZVgkY2xhc3Nlc11OU011dGFibGVEYXRhox0fIFZOU0RhdGFYTlNPYmplY3TSGxwiI1xOU0RpY3Rpb25hcnmiIiBfEA9OU0tleWVkQXJjaGl2ZXLRJidUcm9vdIABAAgAEQAaACMALQAyADcAQABGAE0AVQBgAGcAagBsAG4AcQBzAHUAdwCEAI4AzADRANkDGQMbAyADKwM0A0IDRgNNA1YDWwNoA2sDfQOAA4UAAAAAAAACAQAAAAAAAAAoAAAAAAAAAAAAAAAAAAADhw==}}

@inproceedings{Muelder:2010fk,
	Address = {Taichung, Taiwan},
	Author = {Chris Muelder and Thomas Provan and Kwan-Liu Ma},
	Booktitle = {Proceedings of The IEEE International Symposium on Multimedia (ISM 2010)},
	Date-Added = {2011-02-16 12:49:16 +0100},
	Date-Modified = {2013-05-07 10:24:08 +0000},
	Keywords = {vis graph drawing},
	Month = {December},
	Title = {Content Based Graph Visualization of Audio Data for Music Library Navigation},
	Year = {2010},
	Bdsk-File-1 = {YnBsaXN0MDDUAQIDBAUGJCVYJHZlcnNpb25YJG9iamVjdHNZJGFyY2hpdmVyVCR0b3ASAAGGoKgHCBMUFRYaIVUkbnVsbNMJCgsMDxJXTlMua2V5c1pOUy5vYmplY3RzViRjbGFzc6INDoACgAOiEBGABIAFgAdccmVsYXRpdmVQYXRoWWFsaWFzRGF0YV8QWC4uL3JlZnMvQ29udGVudCBCYXNlZCBHcmFwaCBWaXN1YWxpemF0aW9uIG9mIEF1ZGlvIERhdGEgZm9yIE11c2ljIExpYnJhcnkgTmF2aWdhdGlvbi5wZGbSFwsYGVdOUy5kYXRhTxEClAAAAAAClAACAAAMTWFjaW50b3NoIEhEAAAAAAAAAAAAAAAAAAAAy+HGAEgrAAAACK/bH0NvbnRlbnQgQmFzZWQgR3JhcGggViM4QUZFNi5wZGYAAAAAAAAAAAAAAAAAAAAAAAAAAAAAAAAAAAAAAAAAAAAIr+bJgXg9AAAAAAAAAAAAAQACAAAJIAAAAAAAAAAAAAAAAAAAAARyZWZzABAACAAAy+Gp4AAAABEACAAAyYFqLQAAAAEAGAAIr9sACK2EAAisqQAIox4ABfuuAADAKQACAGNNYWNpbnRvc2ggSEQ6VXNlcnM6AG1hbnVlbG1hbHk6AERvY3VtZW50czoAVW5pOgBNYXN0ZXJhcmJlaXQ6AHJlZnM6AENvbnRlbnQgQmFzZWQgR3JhcGggViM4QUZFNi5wZGYAAA4AogBQAEMAbwBuAHQAZQBuAHQAIABCAGEAcwBlAGQAIABHAHIAYQBwAGgAIABWAGkAcwB1AGEAbABpAHoAYQB0AGkAbwBuACAAbwBmACAAQQB1AGQAaQBvACAARABhAHQAYQAgAGYAbwByACAATQB1AHMAaQBjACAATABpAGIAcgBhAHIAeQAgAE4AYQB2AGkAZwBhAHQAaQBvAG4ALgBwAGQAZgAPABoADABNAGEAYwBpAG4AdABvAHMAaAAgAEgARAASAIFVc2Vycy9tYW51ZWxtYWx5L0RvY3VtZW50cy9VbmkvTWFzdGVyYXJiZWl0L3JlZnMvQ29udGVudCBCYXNlZCBHcmFwaCBWaXN1YWxpemF0aW9uIG9mIEF1ZGlvIERhdGEgZm9yIE11c2ljIExpYnJhcnkgTmF2aWdhdGlvbi5wZGYAABMAAS8AABUAAgAR//8AAIAG0hscHR5aJGNsYXNzbmFtZVgkY2xhc3Nlc11OU011dGFibGVEYXRhox0fIFZOU0RhdGFYTlNPYmplY3TSGxwiI1xOU0RpY3Rpb25hcnmiIiBfEA9OU0tleWVkQXJjaGl2ZXLRJidUcm9vdIABAAgAEQAaACMALQAyADcAQABGAE0AVQBgAGcAagBsAG4AcQBzAHUAdwCEAI4A6QDuAPYDjgOQA5UDoAOpA7cDuwPCA8sD0APdA+AD8gP1A/oAAAAAAAACAQAAAAAAAAAoAAAAAAAAAAAAAAAAAAAD/A==}}

@article{DBLP:journals/spe/FruchtermanR91,
	Author = {Thomas M. J. Fruchterman and Edward M. Reingold},
	Bibsource = {DBLP, http://dblp.uni-trier.de},
	Date-Added = {2011-02-16 12:40:55 +0100},
	Date-Modified = {2013-05-07 06:42:58 +0000},
	Journal = {Software: Practice and Experience},
	Keywords = {vis graph drawing},
	Number = {11},
	Pages = {1129--1164},
	Title = {Graph Drawing by Force-directed Placement},
	Volume = {21},
	Year = {1991},
	Bdsk-File-1 = {YnBsaXN0MDDUAQIDBAUGJCVYJHZlcnNpb25YJG9iamVjdHNZJGFyY2hpdmVyVCR0b3ASAAGGoKgHCBMUFRYaIVUkbnVsbNMJCgsMDxJXTlMua2V5c1pOUy5vYmplY3RzViRjbGFzc6INDoACgAOiEBGABIAFgAdccmVsYXRpdmVQYXRoWWFsaWFzRGF0YV8QNS4uL3JlZnMvR3JhcGggRHJhd2luZyBieSBGb3JjZS1kaXJlY3RlZCBQbGFjZW1lbnQucGRm0hcLGBlXTlMuZGF0YU8RAioAAAAAAioAAgAADE1hY2ludG9zaCBIRAAAAAAAAAAAAAAAAAAAAMvhxgBIKwAAAAiv2x9HcmFwaCBEcmF3aW5nIGJ5IEZvcmMjOEFGRjgucGRmAAAAAAAAAAAAAAAAAAAAAAAAAAAAAAAAAAAAAAAAAAAACK/4yYF2SgAAAAAAAAAAAAEAAgAACSAAAAAAAAAAAAAAAAAAAAAEcmVmcwAQAAgAAMvhqeAAAAARAAgAAMmBaDoAAAABABgACK/bAAithAAIrKkACKMeAAX7rgAAwCkAAgBjTWFjaW50b3NoIEhEOlVzZXJzOgBtYW51ZWxtYWx5OgBEb2N1bWVudHM6AFVuaToATWFzdGVyYXJiZWl0OgByZWZzOgBHcmFwaCBEcmF3aW5nIGJ5IEZvcmMjOEFGRjgucGRmAAAOAFwALQBHAHIAYQBwAGgAIABEAHIAYQB3AGkAbgBnACAAYgB5ACAARgBvAHIAYwBlAC0AZABpAHIAZQBjAHQAZQBkACAAUABsAGEAYwBlAG0AZQBuAHQALgBwAGQAZgAPABoADABNAGEAYwBpAG4AdABvAHMAaAAgAEgARAASAF5Vc2Vycy9tYW51ZWxtYWx5L0RvY3VtZW50cy9VbmkvTWFzdGVyYXJiZWl0L3JlZnMvR3JhcGggRHJhd2luZyBieSBGb3JjZS1kaXJlY3RlZCBQbGFjZW1lbnQucGRmABMAAS8AABUAAgAR//8AAIAG0hscHR5aJGNsYXNzbmFtZVgkY2xhc3Nlc11OU011dGFibGVEYXRhox0fIFZOU0RhdGFYTlNPYmplY3TSGxwiI1xOU0RpY3Rpb25hcnmiIiBfEA9OU0tleWVkQXJjaGl2ZXLRJidUcm9vdIABAAgAEQAaACMALQAyADcAQABGAE0AVQBgAGcAagBsAG4AcQBzAHUAdwCEAI4AxgDLANMDAQMDAwgDEwMcAyoDLgM1Az4DQwNQA1MDZQNoA20AAAAAAAACAQAAAAAAAAAoAAAAAAAAAAAAAAAAAAADbw==}}

@inproceedings{Erten03simultaneousgraph,
	Author = {C. Erten and S. G. Kobourov and V. Le and A. Navabi},
	Booktitle = {In 11th Symposium on Graph Drawing (GD},
	Date-Added = {2011-02-16 12:40:10 +0100},
	Date-Modified = {2011-02-16 12:40:24 +0100},
	Keywords = {vis graph drawing},
	Pages = {437--449},
	Title = {Simultaneous graph drawing: Layout algorithms and visualization schemes},
	Year = {2003},
	Bdsk-File-1 = {YnBsaXN0MDDUAQIDBAUGJCVYJHZlcnNpb25YJG9iamVjdHNZJGFyY2hpdmVyVCR0b3ASAAGGoKgHCBMUFRYaIVUkbnVsbNMJCgsMDxJXTlMua2V5c1pOUy5vYmplY3RzViRjbGFzc6INDoACgAOiEBGABIAFgAdccmVsYXRpdmVQYXRoWWFsaWFzRGF0YV8QUy4uL3JlZnMvU2ltdWx0YW5lb3VzIEdyYXBoIERyYXdpbmctIExheW91dCBBbGdvcml0aG1zIGFuZCBWaXN1YWxpemF0aW9uIFNjaGVtZXMucGRm0hcLGBlXTlMuZGF0YU8RAoQAAAAAAoQAAgAADE1hY2ludG9zaCBIRAAAAAAAAAAAAAAAAAAAAMvhxgBIKwAAAAiv2x9TaW11bHRhbmVvdXMgR3JhcGggRHIjOEIwOUEucGRmAAAAAAAAAAAAAAAAAAAAAAAAAAAAAAAAAAAAAAAAAAAACLCayYF18gAAAAAAAAAAAAEAAgAACSAAAAAAAAAAAAAAAAAAAAAEcmVmcwAQAAgAAMvhqeAAAAARAAgAAMmBZ+IAAAABABgACK/bAAithAAIrKkACKMeAAX7rgAAwCkAAgBjTWFjaW50b3NoIEhEOlVzZXJzOgBtYW51ZWxtYWx5OgBEb2N1bWVudHM6AFVuaToATWFzdGVyYXJiZWl0OgByZWZzOgBTaW11bHRhbmVvdXMgR3JhcGggRHIjOEIwOUEucGRmAAAOAJgASwBTAGkAbQB1AGwAdABhAG4AZQBvAHUAcwAgAEcAcgBhAHAAaAAgAEQAcgBhAHcAaQBuAGcALQAgAEwAYQB5AG8AdQB0ACAAQQBsAGcAbwByAGkAdABoAG0AcwAgAGEAbgBkACAAVgBpAHMAdQBhAGwAaQB6AGEAdABpAG8AbgAgAFMAYwBoAGUAbQBlAHMALgBwAGQAZgAPABoADABNAGEAYwBpAG4AdABvAHMAaAAgAEgARAASAHxVc2Vycy9tYW51ZWxtYWx5L0RvY3VtZW50cy9VbmkvTWFzdGVyYXJiZWl0L3JlZnMvU2ltdWx0YW5lb3VzIEdyYXBoIERyYXdpbmctIExheW91dCBBbGdvcml0aG1zIGFuZCBWaXN1YWxpemF0aW9uIFNjaGVtZXMucGRmABMAAS8AABUAAgAR//8AAIAG0hscHR5aJGNsYXNzbmFtZVgkY2xhc3Nlc11OU011dGFibGVEYXRhox0fIFZOU0RhdGFYTlNPYmplY3TSGxwiI1xOU0RpY3Rpb25hcnmiIiBfEA9OU0tleWVkQXJjaGl2ZXLRJidUcm9vdIABAAgAEQAaACMALQAyADcAQABGAE0AVQBgAGcAagBsAG4AcQBzAHUAdwCEAI4A5ADpAPEDeQN7A4ADiwOUA6IDpgOtA7YDuwPIA8sD3QPgA+UAAAAAAAACAQAAAAAAAAAoAAAAAAAAAAAAAAAAAAAD5w==}}

@inproceedings{DBLP:conf/webist/SarmentoGCO09,
	Address = {Lisboa, Portugal},
	Author = {Lu\'{\i}s Sarmento and Fabien Gouyon and Bruno G. Costa and Eug{\'e}nio C. Oliveira},
	Bibsource = {DBLP, http://dblp.uni-trier.de},
	Booktitle = {Proceedings of the 5th International Conference on Web Information Systems and Technologies (WEBIST 2009)},
	Date-Added = {2011-02-16 10:51:43 +0100},
	Date-Modified = {2013-05-07 10:27:28 +0000},
	Keywords = {computation & vis},
	Pages = {232-237},
	Title = {Visualizing Networks of Music Artists with RAMA},
	Year = {2009},
	Bdsk-File-1 = {YnBsaXN0MDDUAQIDBAUGJCVYJHZlcnNpb25YJG9iamVjdHNZJGFyY2hpdmVyVCR0b3ASAAGGoKgHCBMUFRYaIVUkbnVsbNMJCgsMDxJXTlMua2V5c1pOUy5vYmplY3RzViRjbGFzc6INDoACgAOiEBGABIAFgAdccmVsYXRpdmVQYXRoWWFsaWFzRGF0YV8QOy4uL3JlZnMvVmlzdWFsaXppbmcgTmV0d29ya3Mgb2YgTXVzaWMgQXJ0aXN0cyB3aXRoIFJBTUEucGRm0hcLGBlXTlMuZGF0YU8RAjwAAAAAAjwAAgAADE1hY2ludG9zaCBIRAAAAAAAAAAAAAAAAAAAAMvhxgBIKwAAAAiv2x9WaXN1YWxpemluZyBOZXR3b3JrcyAjOEIwQjIucGRmAAAAAAAAAAAAAAAAAAAAAAAAAAAAAAAAAAAAAAAAAAAACLCyyYFclAAAAAAAAAAAAAEAAgAACSAAAAAAAAAAAAAAAAAAAAAEcmVmcwAQAAgAAMvhqeAAAAARAAgAAMmBToQAAAABABgACK/bAAithAAIrKkACKMeAAX7rgAAwCkAAgBjTWFjaW50b3NoIEhEOlVzZXJzOgBtYW51ZWxtYWx5OgBEb2N1bWVudHM6AFVuaToATWFzdGVyYXJiZWl0OgByZWZzOgBWaXN1YWxpemluZyBOZXR3b3JrcyAjOEIwQjIucGRmAAAOAGgAMwBWAGkAcwB1AGEAbABpAHoAaQBuAGcAIABOAGUAdAB3AG8AcgBrAHMAIABvAGYAIABNAHUAcwBpAGMAIABBAHIAdABpAHMAdABzACAAdwBpAHQAaAAgAFIAQQBNAEEALgBwAGQAZgAPABoADABNAGEAYwBpAG4AdABvAHMAaAAgAEgARAASAGRVc2Vycy9tYW51ZWxtYWx5L0RvY3VtZW50cy9VbmkvTWFzdGVyYXJiZWl0L3JlZnMvVmlzdWFsaXppbmcgTmV0d29ya3Mgb2YgTXVzaWMgQXJ0aXN0cyB3aXRoIFJBTUEucGRmABMAAS8AABUAAgAR//8AAIAG0hscHR5aJGNsYXNzbmFtZVgkY2xhc3Nlc11OU011dGFibGVEYXRhox0fIFZOU0RhdGFYTlNPYmplY3TSGxwiI1xOU0RpY3Rpb25hcnmiIiBfEA9OU0tleWVkQXJjaGl2ZXLRJidUcm9vdIABAAgAEQAaACMALQAyADcAQABGAE0AVQBgAGcAagBsAG4AcQBzAHUAdwCEAI4AzADRANkDGQMbAyADKwM0A0IDRgNNA1YDWwNoA2sDfQOAA4UAAAAAAAACAQAAAAAAAAAoAAAAAAAAAAAAAAAAAAADhw==}}

@article{DBLP:journals/cgf/HoltenW09,
	Author = {Danny Holten and Jarke J. van Wijk},
	Bibsource = {DBLP, http://dblp.uni-trier.de},
	Date-Added = {2011-02-16 10:48:28 +0100},
	Date-Modified = {2011-02-16 12:41:23 +0100},
	Ee = {http://dx.doi.org/10.1111/j.1467-8659.2009.01450.x},
	Journal = {Comput. Graph. Forum},
	Keywords = {vis spring optimization},
	Number = {3},
	Pages = {983-990},
	Title = {Force-Directed Edge Bundling for Graph Visualization},
	Volume = {28},
	Year = {2009},
	Bdsk-File-1 = {YnBsaXN0MDDUAQIDBAUGJCVYJHZlcnNpb25YJG9iamVjdHNZJGFyY2hpdmVyVCR0b3ASAAGGoKgHCBMUFRYaIVUkbnVsbNMJCgsMDxJXTlMua2V5c1pOUy5vYmplY3RzViRjbGFzc6INDoACgAOiEBGABIAFgAdccmVsYXRpdmVQYXRoWWFsaWFzRGF0YV8QQC4uL3JlZnMvRm9yY2UtRGlyZWN0ZWQgRWRnZSBCdW5kbGluZyBmb3IgR3JhcGggVmlzdWFsaXphdGlvbi5wZGbSFwsYGVdOUy5kYXRhTxECTAAAAAACTAACAAAMTWFjaW50b3NoIEhEAAAAAAAAAAAAAAAAAAAAy+HGAEgrAAAACK/bH0ZvcmNlLURpcmVjdGVkIEVkZ2UgQiM4QUZGNC5wZGYAAAAAAAAAAAAAAAAAAAAAAAAAAAAAAAAAAAAAAAAAAAAIr/TJgVvkAAAAAAAAAAAAAQACAAAJIAAAAAAAAAAAAAAAAAAAAARyZWZzABAACAAAy+Gp4AAAABEACAAAyYFN1AAAAAEAGAAIr9sACK2EAAisqQAIox4ABfuuAADAKQACAGNNYWNpbnRvc2ggSEQ6VXNlcnM6AG1hbnVlbG1hbHk6AERvY3VtZW50czoAVW5pOgBNYXN0ZXJhcmJlaXQ6AHJlZnM6AEZvcmNlLURpcmVjdGVkIEVkZ2UgQiM4QUZGNC5wZGYAAA4AcgA4AEYAbwByAGMAZQAtAEQAaQByAGUAYwB0AGUAZAAgAEUAZABnAGUAIABCAHUAbgBkAGwAaQBuAGcAIABmAG8AcgAgAEcAcgBhAHAAaAAgAFYAaQBzAHUAYQBsAGkAegBhAHQAaQBvAG4ALgBwAGQAZgAPABoADABNAGEAYwBpAG4AdABvAHMAaAAgAEgARAASAGlVc2Vycy9tYW51ZWxtYWx5L0RvY3VtZW50cy9VbmkvTWFzdGVyYXJiZWl0L3JlZnMvRm9yY2UtRGlyZWN0ZWQgRWRnZSBCdW5kbGluZyBmb3IgR3JhcGggVmlzdWFsaXphdGlvbi5wZGYAABMAAS8AABUAAgAR//8AAIAG0hscHR5aJGNsYXNzbmFtZVgkY2xhc3Nlc11OU011dGFibGVEYXRhox0fIFZOU0RhdGFYTlNPYmplY3TSGxwiI1xOU0RpY3Rpb25hcnmiIiBfEA9OU0tleWVkQXJjaGl2ZXLRJidUcm9vdIABAAgAEQAaACMALQAyADcAQABGAE0AVQBgAGcAagBsAG4AcQBzAHUAdwCEAI4A0QDWAN4DLgMwAzUDQANJA1cDWwNiA2sDcAN9A4ADkgOVA5oAAAAAAAACAQAAAAAAAAAoAAAAAAAAAAAAAAAAAAADnA==}}

@inproceedings{DBLP:conf/ismir/MayerNR08,
	Address = {Kobe, Japan},
	Author = {Rudolf Mayer, Robert Neumayer, and Andreas Rauber},
	Bibsource = {DBLP, http://dblp.uni-trier.de},
	Booktitle = {Proceedings of the 9th International Conference on Music Information Retrieval (ISMIR 2008)},
	Date-Added = {2011-02-16 10:25:39 +0100},
	Date-Modified = {2013-05-07 10:25:11 +0000},
	Keywords = {introduction, audio features},
	Pages = {337--342},
	Title = {Rhyme and Style Features for Musical Genre Classification by Song Lyrics},
	Year = {2008},
	Bdsk-File-1 = {YnBsaXN0MDDUAQIDBAUGJCVYJHZlcnNpb25YJG9iamVjdHNZJGFyY2hpdmVyVCR0b3ASAAGGoKgHCBMUFRYaIVUkbnVsbNMJCgsMDxJXTlMua2V5c1pOUy5vYmplY3RzViRjbGFzc6INDoACgAOiEBGABIAFgAdccmVsYXRpdmVQYXRoWWFsaWFzRGF0YV8QVC4uL3JlZnMvUmh5bWUgYW5kIFN0eWxlIEZlYXR1cmVzIGZvciBNdXNpY2FsIEdlbnJlIENsYXNzaWZpY2F0aW9uIGJ5IFNvbmcgTHlyaWNzLnBkZtIXCxgZV05TLmRhdGFPEQKIAAAAAAKIAAIAAAxNYWNpbnRvc2ggSEQAAAAAAAAAAAAAAAAAAADL4cYASCsAAAAIr9sfUmh5bWUgYW5kIFN0eWxlIEZlYXR1IzhCMDk2LnBkZgAAAAAAAAAAAAAAAAAAAAAAAAAAAAAAAAAAAAAAAAAAAAiwlsmBVrcAAAAAAAAAAAABAAIAAAkgAAAAAAAAAAAAAAAAAAAABHJlZnMAEAAIAADL4angAAAAEQAIAADJgUinAAAAAQAYAAiv2wAIrYQACKypAAijHgAF+64AAMApAAIAY01hY2ludG9zaCBIRDpVc2VyczoAbWFudWVsbWFseToARG9jdW1lbnRzOgBVbmk6AE1hc3RlcmFyYmVpdDoAcmVmczoAUmh5bWUgYW5kIFN0eWxlIEZlYXR1IzhCMDk2LnBkZgAADgCaAEwAUgBoAHkAbQBlACAAYQBuAGQAIABTAHQAeQBsAGUAIABGAGUAYQB0AHUAcgBlAHMAIABmAG8AcgAgAE0AdQBzAGkAYwBhAGwAIABHAGUAbgByAGUAIABDAGwAYQBzAHMAaQBmAGkAYwBhAHQAaQBvAG4AIABiAHkAIABTAG8AbgBnACAATAB5AHIAaQBjAHMALgBwAGQAZgAPABoADABNAGEAYwBpAG4AdABvAHMAaAAgAEgARAASAH1Vc2Vycy9tYW51ZWxtYWx5L0RvY3VtZW50cy9VbmkvTWFzdGVyYXJiZWl0L3JlZnMvUmh5bWUgYW5kIFN0eWxlIEZlYXR1cmVzIGZvciBNdXNpY2FsIEdlbnJlIENsYXNzaWZpY2F0aW9uIGJ5IFNvbmcgTHlyaWNzLnBkZgAAEwABLwAAFQACABH//wAAgAbSGxwdHlokY2xhc3NuYW1lWCRjbGFzc2VzXU5TTXV0YWJsZURhdGGjHR8gVk5TRGF0YVhOU09iamVjdNIbHCIjXE5TRGljdGlvbmFyeaIiIF8QD05TS2V5ZWRBcmNoaXZlctEmJ1Ryb290gAEACAARABoAIwAtADIANwBAAEYATQBVAGAAZwBqAGwAbgBxAHMAdQB3AIQAjgDlAOoA8gN+A4ADhQOQA5kDpwOrA7IDuwPAA80D0APiA+UD6gAAAAAAAAIBAAAAAAAAACgAAAAAAAAAAAAAAAAAAAPs}}

@article{DBLP:journals/mta/FrankLPGR09,
	Author = {Jakob Frank and Thomas Lidy and Ewald Peiszer and Ronald Genswaider and Andreas Rauber},
	Bibsource = {DBLP, http://dblp.uni-trier.de},
	Date-Added = {2011-02-16 09:46:33 +0100},
	Date-Modified = {2011-02-16 09:46:51 +0100},
	Ee = {http://dx.doi.org/10.1007/s11042-009-0275-y},
	Journal = {Multimedia Tools Appl.},
	Keywords = {introduction},
	Number = {3},
	Pages = {449-468},
	Title = {Creating ambient music spaces in real and virtual worlds},
	Volume = {44},
	Year = {2009},
	Bdsk-File-1 = {YnBsaXN0MDDUAQIDBAUGJCVYJHZlcnNpb25YJG9iamVjdHNZJGFyY2hpdmVyVCR0b3ASAAGGoKgHCBMUFRYaIVUkbnVsbNMJCgsMDxJXTlMua2V5c1pOUy5vYmplY3RzViRjbGFzc6INDoACgAOiEBGABIAFgAdccmVsYXRpdmVQYXRoWWFsaWFzRGF0YV8QRC4uL3JlZnMvQ3JlYXRpbmcgYW1iaWVudCBtdXNpYyBzcGFjZXMgaW4gcmVhbCBhbmQgdmlydHVhbCB3b3JsZHMucGRm0hcLGBlXTlMuZGF0YU8RAlgAAAAAAlgAAgAADE1hY2ludG9zaCBIRAAAAAAAAAAAAAAAAAAAAMvhxgBIKwAAAAiv2x9DcmVhdGluZyBhbWJpZW50IG11c2kjOEFGRUEucGRmAAAAAAAAAAAAAAAAAAAAAAAAAAAAAAAAAAAAAAAAAAAACK/qyP24kwAAAAAAAAAAAAEAAgAACSAAAAAAAAAAAAAAAAAAAAAEcmVmcwAQAAgAAMvhqeAAAAARAAgAAMj9qoMAAAABABgACK/bAAithAAIrKkACKMeAAX7rgAAwCkAAgBjTWFjaW50b3NoIEhEOlVzZXJzOgBtYW51ZWxtYWx5OgBEb2N1bWVudHM6AFVuaToATWFzdGVyYXJiZWl0OgByZWZzOgBDcmVhdGluZyBhbWJpZW50IG11c2kjOEFGRUEucGRmAAAOAHoAPABDAHIAZQBhAHQAaQBuAGcAIABhAG0AYgBpAGUAbgB0ACAAbQB1AHMAaQBjACAAcwBwAGEAYwBlAHMAIABpAG4AIAByAGUAYQBsACAAYQBuAGQAIAB2AGkAcgB0AHUAYQBsACAAdwBvAHIAbABkAHMALgBwAGQAZgAPABoADABNAGEAYwBpAG4AdABvAHMAaAAgAEgARAASAG1Vc2Vycy9tYW51ZWxtYWx5L0RvY3VtZW50cy9VbmkvTWFzdGVyYXJiZWl0L3JlZnMvQ3JlYXRpbmcgYW1iaWVudCBtdXNpYyBzcGFjZXMgaW4gcmVhbCBhbmQgdmlydHVhbCB3b3JsZHMucGRmAAATAAEvAAAVAAIAEf//AACABtIbHB0eWiRjbGFzc25hbWVYJGNsYXNzZXNdTlNNdXRhYmxlRGF0YaMdHyBWTlNEYXRhWE5TT2JqZWN00hscIiNcTlNEaWN0aW9uYXJ5oiIgXxAPTlNLZXllZEFyY2hpdmVy0SYnVHJvb3SAAQAIABEAGgAjAC0AMgA3AEAARgBNAFUAYABnAGoAbABuAHEAcwB1AHcAhACOANUA2gDiAz4DQANFA1ADWQNnA2sDcgN7A4ADjQOQA6IDpQOqAAAAAAAAAgEAAAAAAAAAKAAAAAAAAAAAAAAAAAAAA6w=}}

@url{url:meemix,
	Date-Added = {2010-12-14 12:47:59 +0100},
	Date-Modified = {2010-12-14 12:48:21 +0100},
	Lastchecked = {2010},
	Title = {\url{http://devzone.wiki.meemix.com/index.php?title=MeeMix_API}},
	Urldate = {2010}}

@url{url:echonest,
	Date-Added = {2010-12-14 12:46:59 +0100},
	Date-Modified = {2010-12-14 12:47:27 +0100},
	Lastchecked = {2010},
	Title = {\url{http://developer.echonest.com/docs/v4/}},
	Urldate = {2010}}

@url{url:lastfm,
	Date-Added = {2010-12-14 12:46:21 +0100},
	Date-Modified = {2012-03-02 09:51:51 +0000},
	Lastchecked = {2012},
	Title = {\url{http://www.lastfm.de/api}},
	Urldate = {2012}}

@inproceedings{pachet:02g,
	Address = {Paris, France},
	Author = {Aucouturier, Jean-Julien and Pachet, Francois},
	Booktitle = {Proceedings of the 3rd International Symposium on Music Information Retrieval},
	Date-Added = {2010-12-14 12:41:22 +0100},
	Date-Modified = {2013-05-07 06:31:43 +0000},
	Keywords = {motivation},
	Month = {October},
	Pages = {157-163},
	Title = {Music Similarity Measures: What's the Use?},
	Year = {2002},
	Bdsk-File-1 = {YnBsaXN0MDDUAQIDBAUGJCVYJHZlcnNpb25YJG9iamVjdHNZJGFyY2hpdmVyVCR0b3ASAAGGoKgHCBMUFRYaIVUkbnVsbNMJCgsMDxJXTlMua2V5c1pOUy5vYmplY3RzViRjbGFzc6INDoACgAOiEBGABIAFgAdccmVsYXRpdmVQYXRoWWFsaWFzRGF0YV8QNi4uL3JlZnMvTXVzaWMgU2ltaWxhcml0eSBNZWFzdXJlcyAtIFdoYXQncyB0aGUgdXNlLnBkZtIXCxgZV05TLmRhdGFPEQIuAAAAAAIuAAIAAAxNYWNpbnRvc2ggSEQAAAAAAAAAAAAAAAAAAADL4cYASCsAAAAIr9sfTXVzaWMgU2ltaWxhcml0eSBNZWFzIzhCMDkwLnBkZgAAAAAAAAAAAAAAAAAAAAAAAAAAAAAAAAAAAAAAAAAAAAiwkMktFrUAAAAAAAAAAAABAAIAAAkgAAAAAAAAAAAAAAAAAAAABHJlZnMAEAAIAADL4angAAAAEQAIAADJLQilAAAAAQAYAAiv2wAIrYQACKypAAijHgAF+64AAMApAAIAY01hY2ludG9zaCBIRDpVc2VyczoAbWFudWVsbWFseToARG9jdW1lbnRzOgBVbmk6AE1hc3RlcmFyYmVpdDoAcmVmczoATXVzaWMgU2ltaWxhcml0eSBNZWFzIzhCMDkwLnBkZgAADgBeAC4ATQB1AHMAaQBjACAAUwBpAG0AaQBsAGEAcgBpAHQAeQAgAE0AZQBhAHMAdQByAGUAcwAgAC0AIABXAGgAYQB0ACcAcwAgAHQAaABlACAAdQBzAGUALgBwAGQAZgAPABoADABNAGEAYwBpAG4AdABvAHMAaAAgAEgARAASAF9Vc2Vycy9tYW51ZWxtYWx5L0RvY3VtZW50cy9VbmkvTWFzdGVyYXJiZWl0L3JlZnMvTXVzaWMgU2ltaWxhcml0eSBNZWFzdXJlcyAtIFdoYXQncyB0aGUgdXNlLnBkZgAAEwABLwAAFQACABH//wAAgAbSGxwdHlokY2xhc3NuYW1lWCRjbGFzc2VzXU5TTXV0YWJsZURhdGGjHR8gVk5TRGF0YVhOU09iamVjdNIbHCIjXE5TRGljdGlvbmFyeaIiIF8QD05TS2V5ZWRBcmNoaXZlctEmJ1Ryb290gAEACAARABoAIwAtADIANwBAAEYATQBVAGAAZwBqAGwAbgBxAHMAdQB3AIQAjgDHAMwA1AMGAwgDDQMYAyEDLwMzAzoDQwNIA1UDWANqA20DcgAAAAAAAAIBAAAAAAAAACgAAAAAAAAAAAAAAAAAAAN0}}

@article{Morrison:2003:FMS,
	Acmid = {944138},
	Author = {Morrison, Alistair and Ross, Greg and Chalmers, Matthew},
	Date-Added = {2010-12-14 12:34:37 +0100},
	Date-Modified = {2011-02-16 12:42:09 +0100},
	Doi = {http://dx.doi.org/10.1057/palgrave.ivs.9500040},
	Issn = {1473-8716},
	Issue = {1},
	Journal = {Information Visualization},
	Keywords = {MDS, spring models},
	Month = {March},
	Numpages = {10},
	Pages = {68--77},
	Publisher = {Palgrave Macmillan},
	Title = {Fast multidimensional scaling through sampling, springs and interpolation},
	Url = {http://dx.doi.org/10.1057/palgrave.ivs.9500040},
	Volume = {2},
	Year = {2003},
	Bdsk-File-1 = {YnBsaXN0MDDUAQIDBAUGJCVYJHZlcnNpb25YJG9iamVjdHNZJGFyY2hpdmVyVCR0b3ASAAGGoKgHCBMUFRYaIVUkbnVsbNMJCgsMDxJXTlMua2V5c1pOUy5vYmplY3RzViRjbGFzc6INDoACgAOiEBGABIAFgAdccmVsYXRpdmVQYXRoWWFsaWFzRGF0YV8QVS4uL3JlZnMvRmFzdCBNdWx0aWRpbWVuc2lvbmFsIFNjYWxpbmcgdGhyb3VnaCBTYW1wbGluZywgU3ByaW5ncyBhbmQgSW50ZXJwb2xhdGlvbi5wZGbSFwsYGVdOUy5kYXRhTxECigAAAAACigACAAAMTWFjaW50b3NoIEhEAAAAAAAAAAAAAAAAAAAAy+HGAEgrAAAACK/bH0Zhc3QgTXVsdGlkaW1lbnNpb25hbCM4QUZGMC5wZGYAAAAAAAAAAAAAAAAAAAAAAAAAAAAAAAAAAAAAAAAAAAAIr/DJLRR7AAAAAAAAAAAAAQACAAAJIAAAAAAAAAAAAAAAAAAAAARyZWZzABAACAAAy+Gp4AAAABEACAAAyS0GawAAAAEAGAAIr9sACK2EAAisqQAIox4ABfuuAADAKQACAGNNYWNpbnRvc2ggSEQ6VXNlcnM6AG1hbnVlbG1hbHk6AERvY3VtZW50czoAVW5pOgBNYXN0ZXJhcmJlaXQ6AHJlZnM6AEZhc3QgTXVsdGlkaW1lbnNpb25hbCM4QUZGMC5wZGYAAA4AnABNAEYAYQBzAHQAIABNAHUAbAB0AGkAZABpAG0AZQBuAHMAaQBvAG4AYQBsACAAUwBjAGEAbABpAG4AZwAgAHQAaAByAG8AdQBnAGgAIABTAGEAbQBwAGwAaQBuAGcALAAgAFMAcAByAGkAbgBnAHMAIABhAG4AZAAgAEkAbgB0AGUAcgBwAG8AbABhAHQAaQBvAG4ALgBwAGQAZgAPABoADABNAGEAYwBpAG4AdABvAHMAaAAgAEgARAASAH5Vc2Vycy9tYW51ZWxtYWx5L0RvY3VtZW50cy9VbmkvTWFzdGVyYXJiZWl0L3JlZnMvRmFzdCBNdWx0aWRpbWVuc2lvbmFsIFNjYWxpbmcgdGhyb3VnaCBTYW1wbGluZywgU3ByaW5ncyBhbmQgSW50ZXJwb2xhdGlvbi5wZGYAEwABLwAAFQACABH//wAAgAbSGxwdHlokY2xhc3NuYW1lWCRjbGFzc2VzXU5TTXV0YWJsZURhdGGjHR8gVk5TRGF0YVhOU09iamVjdNIbHCIjXE5TRGljdGlvbmFyeaIiIF8QD05TS2V5ZWRBcmNoaXZlctEmJ1Ryb290gAEACAARABoAIwAtADIANwBAAEYATQBVAGAAZwBqAGwAbgBxAHMAdQB3AIQAjgDmAOsA8wOBA4MDiAOTA5wDqgOuA7UDvgPDA9AD0wPlA+gD7QAAAAAAAAIBAAAAAAAAACgAAAAAAAAAAAAAAAAAAAPv},
	Bdsk-Url-1 = {http://dx.doi.org/10.1057/palgrave.ivs.9500040}}

@article{Cooper:2006:VAM,
	Acmid = {1176365},
	Address = {Cambridge, MA, USA},
	Author = {Cooper, Matthew and Foote, Jonathan and Pampalk, Elias and Tzanetakis, George},
	Date-Added = {2010-12-14 12:20:43 +0100},
	Date-Modified = {2013-05-07 06:35:13 +0000},
	Doi = {10.1162/comj.2006.30.2.42},
	Issn = {0148-9267},
	Issue = {2},
	Journal = {Computer Music Journal},
	Keywords = {vis overview},
	Month = {June},
	Numpages = {21},
	Pages = {42-62},
	Publisher = {MIT Press},
	Title = {Visualization in Audio-Based Music Information Retrieval},
	Url = {http://portal.acm.org/citation.cfm?id=1176357.1176365},
	Volume = {30},
	Year = {2006},
	Bdsk-File-1 = {YnBsaXN0MDDUAQIDBAUGJCVYJHZlcnNpb25YJG9iamVjdHNZJGFyY2hpdmVyVCR0b3ASAAGGoKgHCBMUFRYaIVUkbnVsbNMJCgsMDxJXTlMua2V5c1pOUy5vYmplY3RzViRjbGFzc6INDoACgAOiEBGABIAFgAdccmVsYXRpdmVQYXRoWWFsaWFzRGF0YV8QRC4uL3JlZnMvVmlzdWFsaXphdGlvbiBpbiBBdWRpby1CYXNlZCBNdXNpYyBJbmZvcm1hdGlvbiBSZXRyaWV2YWwucGRm0hcLGBlXTlMuZGF0YU8RAlgAAAAAAlgAAgAADE1hY2ludG9zaCBIRAAAAAAAAAAAAAAAAAAAAMvhxgBIKwAAAAiv2x9WaXN1YWxpemF0aW9uIGluIEF1ZGkjOEIwQjAucGRmAAAAAAAAAAAAAAAAAAAAAAAAAAAAAAAAAAAAAAAAAAAACLCwyO3PdwAAAAAAAAAAAAEAAgAACSAAAAAAAAAAAAAAAAAAAAAEcmVmcwAQAAgAAMvhqeAAAAARAAgAAMjts1cAAAABABgACK/bAAithAAIrKkACKMeAAX7rgAAwCkAAgBjTWFjaW50b3NoIEhEOlVzZXJzOgBtYW51ZWxtYWx5OgBEb2N1bWVudHM6AFVuaToATWFzdGVyYXJiZWl0OgByZWZzOgBWaXN1YWxpemF0aW9uIGluIEF1ZGkjOEIwQjAucGRmAAAOAHoAPABWAGkAcwB1AGEAbABpAHoAYQB0AGkAbwBuACAAaQBuACAAQQB1AGQAaQBvAC0AQgBhAHMAZQBkACAATQB1AHMAaQBjACAASQBuAGYAbwByAG0AYQB0AGkAbwBuACAAUgBlAHQAcgBpAGUAdgBhAGwALgBwAGQAZgAPABoADABNAGEAYwBpAG4AdABvAHMAaAAgAEgARAASAG1Vc2Vycy9tYW51ZWxtYWx5L0RvY3VtZW50cy9VbmkvTWFzdGVyYXJiZWl0L3JlZnMvVmlzdWFsaXphdGlvbiBpbiBBdWRpby1CYXNlZCBNdXNpYyBJbmZvcm1hdGlvbiBSZXRyaWV2YWwucGRmAAATAAEvAAAVAAIAEf//AACABtIbHB0eWiRjbGFzc25hbWVYJGNsYXNzZXNdTlNNdXRhYmxlRGF0YaMdHyBWTlNEYXRhWE5TT2JqZWN00hscIiNcTlNEaWN0aW9uYXJ5oiIgXxAPTlNLZXllZEFyY2hpdmVy0SYnVHJvb3SAAQAIABEAGgAjAC0AMgA3AEAARgBNAFUAYABnAGoAbABuAHEAcwB1AHcAhACOANUA2gDiAz4DQANFA1ADWQNnA2sDcgN7A4ADjQOQA6IDpQOqAAAAAAAAAgEAAAAAAAAAKAAAAAAAAAAAAAAAAAAAA6w=},
	Bdsk-Url-1 = {http://portal.acm.org/citation.cfm?id=1176357.1176365}}

@inproceedings{mcfee09-hesas,
	Address = {Kobe, Japan},
	Author = {McFee,, B. and Lanckriet,, {G. R. G.}},
	Booktitle = {Proceedings of the 10th International Symposium for Music Information Retrieval (ISMIR 2009)},
	Date-Added = {2010-12-14 10:28:17 +0100},
	Date-Modified = {2013-05-07 10:21:39 +0000},
	Keywords = {subjective artist sim.},
	Month = {October},
	Title = {Heterogeneous embedding for subjective artist similarity},
	Year = {2009},
	Bdsk-File-1 = {YnBsaXN0MDDUAQIDBAUGJCVYJHZlcnNpb25YJG9iamVjdHNZJGFyY2hpdmVyVCR0b3ASAAGGoKgHCBMUFRYaIVUkbnVsbNMJCgsMDxJXTlMua2V5c1pOUy5vYmplY3RzViRjbGFzc6INDoACgAOiEBGABIAFgAdccmVsYXRpdmVQYXRoWWFsaWFzRGF0YV8QRC4uL3JlZnMvSGV0ZXJvZ2VuZW91cyBFbWJlZGRpbmcgZm9yIFN1YmplY3RpdmUgQXJ0aXN0IFNpbWlsYXJpdHkucGRm0hcLGBlXTlMuZGF0YU8RAlgAAAAAAlgAAgAADE1hY2ludG9zaCBIRAAAAAAAAAAAAAAAAAAAAMvhxgBIKwAAAAiv2x9IZXRlcm9nZW5lb3VzIEVtYmVkZGkjOEFGRkMucGRmAAAAAAAAAAAAAAAAAAAAAAAAAAAAAAAAAAAAAAAAAAAACK/8yOtK6gAAAAAAAAAAAAEAAgAACSAAAAAAAAAAAAAAAAAAAAAEcmVmcwAQAAgAAMvhqeAAAAARAAgAAMjrLsoAAAABABgACK/bAAithAAIrKkACKMeAAX7rgAAwCkAAgBjTWFjaW50b3NoIEhEOlVzZXJzOgBtYW51ZWxtYWx5OgBEb2N1bWVudHM6AFVuaToATWFzdGVyYXJiZWl0OgByZWZzOgBIZXRlcm9nZW5lb3VzIEVtYmVkZGkjOEFGRkMucGRmAAAOAHoAPABIAGUAdABlAHIAbwBnAGUAbgBlAG8AdQBzACAARQBtAGIAZQBkAGQAaQBuAGcAIABmAG8AcgAgAFMAdQBiAGoAZQBjAHQAaQB2AGUAIABBAHIAdABpAHMAdAAgAFMAaQBtAGkAbABhAHIAaQB0AHkALgBwAGQAZgAPABoADABNAGEAYwBpAG4AdABvAHMAaAAgAEgARAASAG1Vc2Vycy9tYW51ZWxtYWx5L0RvY3VtZW50cy9VbmkvTWFzdGVyYXJiZWl0L3JlZnMvSGV0ZXJvZ2VuZW91cyBFbWJlZGRpbmcgZm9yIFN1YmplY3RpdmUgQXJ0aXN0IFNpbWlsYXJpdHkucGRmAAATAAEvAAAVAAIAEf//AACABtIbHB0eWiRjbGFzc25hbWVYJGNsYXNzZXNdTlNNdXRhYmxlRGF0YaMdHyBWTlNEYXRhWE5TT2JqZWN00hscIiNcTlNEaWN0aW9uYXJ5oiIgXxAPTlNLZXllZEFyY2hpdmVy0SYnVHJvb3SAAQAIABEAGgAjAC0AMgA3AEAARgBNAFUAYABnAGoAbABuAHEAcwB1AHcAhACOANUA2gDiAz4DQANFA1ADWQNnA2sDcgN7A4ADjQOQA6IDpQOqAAAAAAAAAgEAAAAAAAAAKAAAAAAAAAAAAAAAAAAAA6w=}}

@inproceedings{LID-05ismir,
	Address = {London, UK},
	Author = {Thomas Lidy and Andreas Rauber},
	Booktitle = {Proceedings of the 6th International Conference on Music Information Retrieval (ISMIR 2005)},
	Date-Modified = {2013-05-07 10:24:37 +0000},
	Isbn = {0-9551179-0-9},
	Keywords = {feature-extraction},
	Pages = {34-41},
	Title = {Evaluation of Feature Extractors and Psycho-acoustic Transformations for Music Genre Classification},
	Year = {2005},
	Bdsk-File-1 = {YnBsaXN0MDDUAQIDBAUGJCVYJHZlcnNpb25YJG9iamVjdHNZJGFyY2hpdmVyVCR0b3ASAAGGoKgHCBMUFRYaIVUkbnVsbNMJCgsMDxJXTlMua2V5c1pOUy5vYmplY3RzViRjbGFzc6INDoACgAOiEBGABIAFgAdccmVsYXRpdmVQYXRoWWFsaWFzRGF0YV8Qby4uL3JlZnMvRXZhbHVhdGlvbiBvZiBGZWF0dXJlIEV4dHJhY3RvcnMgYW5kIFBzeWNoby1hY291c3RpYyBUcmFuc2Zvcm1hdGlvbnMgZm9yIE11c2ljIEdlbnJlIENsYXNzaWZpY2F0aW9uLnBkZtIXCxgZV05TLmRhdGFPEQLYAAAAAALYAAIAAAxNYWNpbnRvc2ggSEQAAAAAAAAAAAAAAAAAAADL4cYASCsAAAAIr9sfRXZhbHVhdGlvbiBvZiBGZWF0dXJlIzhBRkVFLnBkZgAAAAAAAAAAAAAAAAAAAAAAAAAAAAAAAAAAAAAAAAAAAAiv7smBTf4AAAAAAAAAAAABAAIAAAkgAAAAAAAAAAAAAAAAAAAABHJlZnMAEAAIAADL4angAAAAEQAIAADJgT/uAAAAAQAYAAiv2wAIrYQACKypAAijHgAF+64AAMApAAIAY01hY2ludG9zaCBIRDpVc2VyczoAbWFudWVsbWFseToARG9jdW1lbnRzOgBVbmk6AE1hc3RlcmFyYmVpdDoAcmVmczoARXZhbHVhdGlvbiBvZiBGZWF0dXJlIzhBRkVFLnBkZgAADgDQAGcARQB2AGEAbAB1AGEAdABpAG8AbgAgAG8AZgAgAEYAZQBhAHQAdQByAGUAIABFAHgAdAByAGEAYwB0AG8AcgBzACAAYQBuAGQAIABQAHMAeQBjAGgAbwAtAGEAYwBvAHUAcwB0AGkAYwAgAFQAcgBhAG4AcwBmAG8AcgBtAGEAdABpAG8AbgBzACAAZgBvAHIAIABNAHUAcwBpAGMAIABHAGUAbgByAGUAIABDAGwAYQBzAHMAaQBmAGkAYwBhAHQAaQBvAG4ALgBwAGQAZgAPABoADABNAGEAYwBpAG4AdABvAHMAaAAgAEgARAASAJhVc2Vycy9tYW51ZWxtYWx5L0RvY3VtZW50cy9VbmkvTWFzdGVyYXJiZWl0L3JlZnMvRXZhbHVhdGlvbiBvZiBGZWF0dXJlIEV4dHJhY3RvcnMgYW5kIFBzeWNoby1hY291c3RpYyBUcmFuc2Zvcm1hdGlvbnMgZm9yIE11c2ljIEdlbnJlIENsYXNzaWZpY2F0aW9uLnBkZgATAAEvAAAVAAIAEf//AACABtIbHB0eWiRjbGFzc25hbWVYJGNsYXNzZXNdTlNNdXRhYmxlRGF0YaMdHyBWTlNEYXRhWE5TT2JqZWN00hscIiNcTlNEaWN0aW9uYXJ5oiIgXxAPTlNLZXllZEFyY2hpdmVy0SYnVHJvb3SAAQAIABEAGgAjAC0AMgA3AEAARgBNAFUAYABnAGoAbABuAHEAcwB1AHcAhACOAQABBQENA+kD6wPwA/sEBAQSBBYEHQQmBCsEOAQ7BE0EUARVAAAAAAAAAgEAAAAAAAAAKAAAAAAAAAAAAAAAAAAABFc=}}
