%% This BibTeX bibliography file was created using BibDesk.
%% http://bibdesk.sourceforge.net/


%% Created for Manuel Maly at 2011-02-16 12:51:36 +0100 


%% Saved with string encoding Unicode (UTF-8) 



@inproceedings{Muelder:2010fk,
	Author = {Chris Muelder and Thomas Provan and Kwan-Liu Ma},
	Booktitle = {In Proceedings of The IEEE International Symposium on Multimedia (ISM2010)},
	Date-Added = {2011-02-16 12:49:16 +0100},
	Date-Modified = {2011-02-16 12:51:36 +0100},
	Keywords = {vis graph drawing},
	Month = {December},
	Title = {Content Based Graph Visualization of Audio Data for Music Library Navigation},
	Year = {2010}}

@article{DBLP:journals/spe/FruchtermanR91,
	Author = {Thomas M. J. Fruchterman and Edward M. Reingold},
	Bibsource = {DBLP, http://dblp.uni-trier.de},
	Date-Added = {2011-02-16 12:40:55 +0100},
	Date-Modified = {2011-02-16 12:41:01 +0100},
	Journal = {Softw., Pract. Exper.},
	Keywords = {vis graph drawing},
	Number = {11},
	Pages = {1129-1164},
	Title = {Graph Drawing by Force-directed Placement},
	Volume = {21},
	Year = {1991},
	Bdsk-File-1 = {YnBsaXN0MDDUAQIDBAUIJidUJHRvcFgkb2JqZWN0c1gkdmVyc2lvblkkYXJjaGl2ZXLRBgdUcm9vdIABqAkKFRYXGyIjVSRudWxs0wsMDQ4RFFpOUy5vYmplY3RzV05TLmtleXNWJGNsYXNzog8QgASABqISE4ACgAOAB1lhbGlhc0RhdGFccmVsYXRpdmVQYXRo0hgNGRpXTlMuZGF0YU8RAhIAAAAAAhIAAgAABlN5c3RlbQAAAAAAAAAAAAAAAAAAAAAAAAAAAMj967ZIKwAAAAaNPh9HcmFwaCBEcmF3aW5nIGJ5IEZvciM3RTIzNzEucGRmAAAAAAAAAAAAAAAAAAAAAAAAAAAAAAAAAAAAAAAAAAAAfiNxyYF2SQAAAAAAAAAAAAEAAgAACSAAAAAAAAAAAAAAAAAAAAAEcmVmcwAQAAgAAMj93aYAAAARAAgAAMmBaDkAAAABABgABo0+AAaNPAAGVY8ABkVXAAWriAAAkZ8AAgBXU3lzdGVtOlVzZXJzOm1hbnVlbG1hbHk6RG9jdW1lbnRzOlVuaTpNYXN0ZXJhcmJlaXQ6cmVmczpHcmFwaCBEcmF3aW5nIGJ5IEZvciM3RTIzNzEucGRmAAAOAFwALQBHAHIAYQBwAGgAIABEAHIAYQB3AGkAbgBnACAAYgB5ACAARgBvAHIAYwBlAC0AZABpAHIAZQBjAHQAZQBkACAAUABsAGEAYwBlAG0AZQBuAHQALgBwAGQAZgAPAA4ABgBTAHkAcwB0AGUAbQASAF5Vc2Vycy9tYW51ZWxtYWx5L0RvY3VtZW50cy9VbmkvTWFzdGVyYXJiZWl0L3JlZnMvR3JhcGggRHJhd2luZyBieSBGb3JjZS1kaXJlY3RlZCBQbGFjZW1lbnQucGRmABMAAS8AABUAAgAR//8AAIAF0hwdHh9YJGNsYXNzZXNaJGNsYXNzbmFtZaMfICFdTlNNdXRhYmxlRGF0YVZOU0RhdGFYTlNPYmplY3RfEDUuLi9yZWZzL0dyYXBoIERyYXdpbmcgYnkgRm9yY2UtZGlyZWN0ZWQgUGxhY2VtZW50LnBkZtIcHSQloiUhXE5TRGljdGlvbmFyeRIAAYagXxAPTlNLZXllZEFyY2hpdmVyAAgAEQAWAB8AKAAyADUAOgA8AEUASwBSAF0AZQBsAG8AcQBzAHYAeAB6AHwAhgCTAJgAoAK2ArgCvQLGAtEC1QLjAuoC8wMrAzADMwNAA0UAAAAAAAACAQAAAAAAAAAoAAAAAAAAAAAAAAAAAAADVw==}}

@inproceedings{Erten03simultaneousgraph,
	Author = {C. Erten and S. G. Kobourov and V. Le and A. Navabi},
	Booktitle = {In 11th Symposium on Graph Drawing (GD},
	Date-Added = {2011-02-16 12:40:10 +0100},
	Date-Modified = {2011-02-16 12:40:24 +0100},
	Keywords = {vis graph drawing},
	Pages = {437--449},
	Title = {Simultaneous graph drawing: Layout algorithms and visualization schemes},
	Year = {2003},
	Bdsk-File-1 = {YnBsaXN0MDDUAQIDBAUIJidUJHRvcFgkb2JqZWN0c1gkdmVyc2lvblkkYXJjaGl2ZXLRBgdUcm9vdIABqAkKFRYXGyIjVSRudWxs0wsMDQ4RFFpOUy5vYmplY3RzV05TLmtleXNWJGNsYXNzog8QgASABqISE4ACgAOAB1lhbGlhc0RhdGFccmVsYXRpdmVQYXRo0hgNGRpXTlMuZGF0YU8RAmwAAAAAAmwAAgAABlN5c3RlbQAAAAAAAAAAAAAAAAAAAAAAAAAAAMj967ZIKwAAAAaNPh9TaW11bHRhbmVvdXMgR3JhcGggRCM3RTIyMjEucGRmAAAAAAAAAAAAAAAAAAAAAAAAAAAAAAAAAAAAAAAAAAAAfiIhyYF18QAAAAAAAAAAAAEAAgAACSAAAAAAAAAAAAAAAAAAAAAEcmVmcwAQAAgAAMj93aYAAAARAAgAAMmBZ+EAAAABABgABo0+AAaNPAAGVY8ABkVXAAWriAAAkZ8AAgBXU3lzdGVtOlVzZXJzOm1hbnVlbG1hbHk6RG9jdW1lbnRzOlVuaTpNYXN0ZXJhcmJlaXQ6cmVmczpTaW11bHRhbmVvdXMgR3JhcGggRCM3RTIyMjEucGRmAAAOAJgASwBTAGkAbQB1AGwAdABhAG4AZQBvAHUAcwAgAEcAcgBhAHAAaAAgAEQAcgBhAHcAaQBuAGcALQAgAEwAYQB5AG8AdQB0ACAAQQBsAGcAbwByAGkAdABoAG0AcwAgAGEAbgBkACAAVgBpAHMAdQBhAGwAaQB6AGEAdABpAG8AbgAgAFMAYwBoAGUAbQBlAHMALgBwAGQAZgAPAA4ABgBTAHkAcwB0AGUAbQASAHxVc2Vycy9tYW51ZWxtYWx5L0RvY3VtZW50cy9VbmkvTWFzdGVyYXJiZWl0L3JlZnMvU2ltdWx0YW5lb3VzIEdyYXBoIERyYXdpbmctIExheW91dCBBbGdvcml0aG1zIGFuZCBWaXN1YWxpemF0aW9uIFNjaGVtZXMucGRmABMAAS8AABUAAgAR//8AAIAF0hwdHh9YJGNsYXNzZXNaJGNsYXNzbmFtZaMfICFdTlNNdXRhYmxlRGF0YVZOU0RhdGFYTlNPYmplY3RfEFMuLi9yZWZzL1NpbXVsdGFuZW91cyBHcmFwaCBEcmF3aW5nLSBMYXlvdXQgQWxnb3JpdGhtcyBhbmQgVmlzdWFsaXphdGlvbiBTY2hlbWVzLnBkZtIcHSQloiUhXE5TRGljdGlvbmFyeRIAAYagXxAPTlNLZXllZEFyY2hpdmVyAAgAEQAWAB8AKAAyADUAOgA8AEUASwBSAF0AZQBsAG8AcQBzAHYAeAB6AHwAhgCTAJgAoAMQAxIDFwMgAysDLwM9A0QDTQOjA6gDqwO4A70AAAAAAAACAQAAAAAAAAAoAAAAAAAAAAAAAAAAAAADzw==}}

@inproceedings{DBLP:conf/webist/SarmentoGCO09,
	Author = {Lu\'{\i}s Sarmento and Fabien Gouyon and Bruno G. Costa and Eug{\'e}nio C. Oliveira},
	Bibsource = {DBLP, http://dblp.uni-trier.de},
	Booktitle = {WEBIST},
	Crossref = {DBLP:conf/webist/2009},
	Date-Added = {2011-02-16 10:51:43 +0100},
	Date-Modified = {2011-02-16 12:41:47 +0100},
	Keywords = {computation & vis},
	Pages = {232-237},
	Title = {Visualizing Networks of Music Artists with RAMA},
	Year = {2009},
	Bdsk-File-1 = {YnBsaXN0MDDUAQIDBAUIJidUJHRvcFgkb2JqZWN0c1gkdmVyc2lvblkkYXJjaGl2ZXLRBgdUcm9vdIABqAkKFRYXGyIjVSRudWxs0wsMDQ4RFFpOUy5vYmplY3RzV05TLmtleXNWJGNsYXNzog8QgASABqISE4ACgAOAB1lhbGlhc0RhdGFccmVsYXRpdmVQYXRo0hgNGRpXTlMuZGF0YU8RAiQAAAAAAiQAAgAABlN5c3RlbQAAAAAAAAAAAAAAAAAAAAAAAAAAAMj967ZIKwAAAAaNPh9WaXN1YWxpemluZyBOZXR3b3JrcyM3Qzc5RTAucGRmAAAAAAAAAAAAAAAAAAAAAAAAAAAAAAAAAAAAAAAAAAAAfHngyYFclAAAAAAAAAAAAAEAAgAACSAAAAAAAAAAAAAAAAAAAAAEcmVmcwAQAAgAAMj93aYAAAARAAgAAMmBToQAAAABABgABo0+AAaNPAAGVY8ABkVXAAWriAAAkZ8AAgBXU3lzdGVtOlVzZXJzOm1hbnVlbG1hbHk6RG9jdW1lbnRzOlVuaTpNYXN0ZXJhcmJlaXQ6cmVmczpWaXN1YWxpemluZyBOZXR3b3JrcyM3Qzc5RTAucGRmAAAOAGgAMwBWAGkAcwB1AGEAbABpAHoAaQBuAGcAIABOAGUAdAB3AG8AcgBrAHMAIABvAGYAIABNAHUAcwBpAGMAIABBAHIAdABpAHMAdABzACAAdwBpAHQAaAAgAFIAQQBNAEEALgBwAGQAZgAPAA4ABgBTAHkAcwB0AGUAbQASAGRVc2Vycy9tYW51ZWxtYWx5L0RvY3VtZW50cy9VbmkvTWFzdGVyYXJiZWl0L3JlZnMvVmlzdWFsaXppbmcgTmV0d29ya3Mgb2YgTXVzaWMgQXJ0aXN0cyB3aXRoIFJBTUEucGRmABMAAS8AABUAAgAR//8AAIAF0hwdHh9YJGNsYXNzZXNaJGNsYXNzbmFtZaMfICFdTlNNdXRhYmxlRGF0YVZOU0RhdGFYTlNPYmplY3RfEDsuLi9yZWZzL1Zpc3VhbGl6aW5nIE5ldHdvcmtzIG9mIE11c2ljIEFydGlzdHMgd2l0aCBSQU1BLnBkZtIcHSQloiUhXE5TRGljdGlvbmFyeRIAAYagXxAPTlNLZXllZEFyY2hpdmVyAAgAEQAWAB8AKAAyADUAOgA8AEUASwBSAF0AZQBsAG8AcQBzAHYAeAB6AHwAhgCTAJgAoALIAsoCzwLYAuMC5wL1AvwDBQNDA0gDSwNYA10AAAAAAAACAQAAAAAAAAAoAAAAAAAAAAAAAAAAAAADbw==}}

@article{DBLP:journals/cgf/HoltenW09,
	Author = {Danny Holten and Jarke J. van Wijk},
	Bibsource = {DBLP, http://dblp.uni-trier.de},
	Date-Added = {2011-02-16 10:48:28 +0100},
	Date-Modified = {2011-02-16 12:41:23 +0100},
	Ee = {http://dx.doi.org/10.1111/j.1467-8659.2009.01450.x},
	Journal = {Comput. Graph. Forum},
	Keywords = {vis spring optimization},
	Number = {3},
	Pages = {983-990},
	Title = {Force-Directed Edge Bundling for Graph Visualization},
	Volume = {28},
	Year = {2009},
	Bdsk-File-1 = {YnBsaXN0MDDUAQIDBAUIJidUJHRvcFgkb2JqZWN0c1gkdmVyc2lvblkkYXJjaGl2ZXLRBgdUcm9vdIABqAkKFRYXGyIjVSRudWxs0wsMDQ4RFFpOUy5vYmplY3RzV05TLmtleXNWJGNsYXNzog8QgASABqISE4ACgAOAB1lhbGlhc0RhdGFccmVsYXRpdmVQYXRo0hgNGRpXTlMuZGF0YU8RAjQAAAAAAjQAAgAABlN5c3RlbQAAAAAAAAAAAAAAAAAAAAAAAAAAAMj967ZIKwAAAAaNPh9Gb3JjZS1EaXJlY3RlZCBFZGdlICM3Qzc1RjQucGRmAAAAAAAAAAAAAAAAAAAAAAAAAAAAAAAAAAAAAAAAAAAAfHX0yYFb5AAAAAAAAAAAAAEAAgAACSAAAAAAAAAAAAAAAAAAAAAEcmVmcwAQAAgAAMj93aYAAAARAAgAAMmBTdQAAAABABgABo0+AAaNPAAGVY8ABkVXAAWriAAAkZ8AAgBXU3lzdGVtOlVzZXJzOm1hbnVlbG1hbHk6RG9jdW1lbnRzOlVuaTpNYXN0ZXJhcmJlaXQ6cmVmczpGb3JjZS1EaXJlY3RlZCBFZGdlICM3Qzc1RjQucGRmAAAOAHIAOABGAG8AcgBjAGUALQBEAGkAcgBlAGMAdABlAGQAIABFAGQAZwBlACAAQgB1AG4AZABsAGkAbgBnACAAZgBvAHIAIABHAHIAYQBwAGgAIABWAGkAcwB1AGEAbABpAHoAYQB0AGkAbwBuAC4AcABkAGYADwAOAAYAUwB5AHMAdABlAG0AEgBpVXNlcnMvbWFudWVsbWFseS9Eb2N1bWVudHMvVW5pL01hc3RlcmFyYmVpdC9yZWZzL0ZvcmNlLURpcmVjdGVkIEVkZ2UgQnVuZGxpbmcgZm9yIEdyYXBoIFZpc3VhbGl6YXRpb24ucGRmAAATAAEvAAAVAAIAEf//AACABdIcHR4fWCRjbGFzc2VzWiRjbGFzc25hbWWjHyAhXU5TTXV0YWJsZURhdGFWTlNEYXRhWE5TT2JqZWN0XxBALi4vcmVmcy9Gb3JjZS1EaXJlY3RlZCBFZGdlIEJ1bmRsaW5nIGZvciBHcmFwaCBWaXN1YWxpemF0aW9uLnBkZtIcHSQloiUhXE5TRGljdGlvbmFyeRIAAYagXxAPTlNLZXllZEFyY2hpdmVyAAgAEQAWAB8AKAAyADUAOgA8AEUASwBSAF0AZQBsAG8AcQBzAHYAeAB6AHwAhgCTAJgAoALYAtoC3wLoAvMC9wMFAwwDFQNYA10DYANtA3IAAAAAAAACAQAAAAAAAAAoAAAAAAAAAAAAAAAAAAADhA==}}

@inproceedings{DBLP:conf/ismir/MayerNR08,
	Author = {Rudolf Mayer and Robert Neumayer and Andreas Rauber},
	Bibsource = {DBLP, http://dblp.uni-trier.de},
	Booktitle = {ISMIR},
	Crossref = {DBLP:conf/ismir/2008},
	Date-Added = {2011-02-16 10:25:39 +0100},
	Date-Modified = {2011-02-16 10:26:42 +0100},
	Ee = {http://ismir2008.ismir.net/papers/ISMIR2008_235.pdf},
	Keywords = {introduction, audio features},
	Pages = {337-342},
	Title = {Rhyme and Style Features for Musical Genre Classification by Song Lyrics},
	Year = {2008},
	Bdsk-File-1 = {YnBsaXN0MDDUAQIDBAUIJidUJHRvcFgkb2JqZWN0c1gkdmVyc2lvblkkYXJjaGl2ZXLRBgdUcm9vdIABqAkKFRYXGyIjVSRudWxs0wsMDQ4RFFpOUy5vYmplY3RzV05TLmtleXNWJGNsYXNzog8QgASABqISE4ACgAOAB1lhbGlhc0RhdGFccmVsYXRpdmVQYXRo0hgNGRpXTlMuZGF0YU8RAnAAAAAAAnAAAgAABlN5c3RlbQAAAAAAAAAAAAAAAAAAAAAAAAAAAMj967ZIKwAAAAaNPh9SaHltZSBhbmQgU3R5bGUgRmVhdCM3QzEzNjkucGRmAAAAAAAAAAAAAAAAAAAAAAAAAAAAAAAAAAAAAAAAAAAAfBNpyYFWtwAAAAAAAAAAAAEAAgAACSAAAAAAAAAAAAAAAAAAAAAEcmVmcwAQAAgAAMj93aYAAAARAAgAAMmBSKcAAAABABgABo0+AAaNPAAGVY8ABkVXAAWriAAAkZ8AAgBXU3lzdGVtOlVzZXJzOm1hbnVlbG1hbHk6RG9jdW1lbnRzOlVuaTpNYXN0ZXJhcmJlaXQ6cmVmczpSaHltZSBhbmQgU3R5bGUgRmVhdCM3QzEzNjkucGRmAAAOAJoATABSAGgAeQBtAGUAIABhAG4AZAAgAFMAdAB5AGwAZQAgAEYAZQBhAHQAdQByAGUAcwAgAGYAbwByACAATQB1AHMAaQBjAGEAbAAgAEcAZQBuAHIAZQAgAEMAbABhAHMAcwBpAGYAaQBjAGEAdABpAG8AbgAgAGIAeQAgAFMAbwBuAGcAIABMAHkAcgBpAGMAcwAuAHAAZABmAA8ADgAGAFMAeQBzAHQAZQBtABIAfVVzZXJzL21hbnVlbG1hbHkvRG9jdW1lbnRzL1VuaS9NYXN0ZXJhcmJlaXQvcmVmcy9SaHltZSBhbmQgU3R5bGUgRmVhdHVyZXMgZm9yIE11c2ljYWwgR2VucmUgQ2xhc3NpZmljYXRpb24gYnkgU29uZyBMeXJpY3MucGRmAAATAAEvAAAVAAIAEf//AACABdIcHR4fWCRjbGFzc2VzWiRjbGFzc25hbWWjHyAhXU5TTXV0YWJsZURhdGFWTlNEYXRhWE5TT2JqZWN0XxBULi4vcmVmcy9SaHltZSBhbmQgU3R5bGUgRmVhdHVyZXMgZm9yIE11c2ljYWwgR2VucmUgQ2xhc3NpZmljYXRpb24gYnkgU29uZyBMeXJpY3MucGRm0hwdJCWiJSFcTlNEaWN0aW9uYXJ5EgABhqBfEA9OU0tleWVkQXJjaGl2ZXIACAARABYAHwAoADIANQA6ADwARQBLAFIAXQBlAGwAbwBxAHMAdgB4AHoAfACGAJMAmACgAxQDFgMbAyQDLwMzA0EDSANRA6gDrQOwA70DwgAAAAAAAAIBAAAAAAAAACgAAAAAAAAAAAAAAAAAAAPU}}

@article{DBLP:journals/mta/FrankLPGR09,
	Author = {Jakob Frank and Thomas Lidy and Ewald Peiszer and Ronald Genswaider and Andreas Rauber},
	Bibsource = {DBLP, http://dblp.uni-trier.de},
	Date-Added = {2011-02-16 09:46:33 +0100},
	Date-Modified = {2011-02-16 09:46:51 +0100},
	Ee = {http://dx.doi.org/10.1007/s11042-009-0275-y},
	Journal = {Multimedia Tools Appl.},
	Keywords = {introduction},
	Number = {3},
	Pages = {449-468},
	Title = {Creating ambient music spaces in real and virtual worlds},
	Volume = {44},
	Year = {2009},
	Bdsk-File-1 = {YnBsaXN0MDDUAQIDBAUIJidUJHRvcFgkb2JqZWN0c1gkdmVyc2lvblkkYXJjaGl2ZXLRBgdUcm9vdIABqAkKFRYXGyIjVSRudWxs0wsMDQ4RFFpOUy5vYmplY3RzV05TLmtleXNWJGNsYXNzog8QgASABqISE4ACgAOAB1lhbGlhc0RhdGFccmVsYXRpdmVQYXRo0hgNGRpXTlMuZGF0YU8RAkAAAAAAAkAAAgAABlN5c3RlbQAAAAAAAAAAAAAAAAAAAAAAAAAAAMj967ZIKwAAAAaNPh9DcmVhdGluZyBhbWJpZW50IG11c2kjNjhEM0YucGRmAAAAAAAAAAAAAAAAAAAAAAAAAAAAAAAAAAAAAAAAAAAABo0/yP24kAAAAAAAAAAAAAEAAgAACSAAAAAAAAAAAAAAAAAAAAAEcmVmcwAQAAgAAMj93aYAAAARAAgAAMj9qoAAAAABABgABo0+AAaNPAAGVY8ABkVXAAWriAAAkZ8AAgBXU3lzdGVtOlVzZXJzOm1hbnVlbG1hbHk6RG9jdW1lbnRzOlVuaTpNYXN0ZXJhcmJlaXQ6cmVmczpDcmVhdGluZyBhbWJpZW50IG11c2kjNjhEM0YucGRmAAAOAHoAPABDAHIAZQBhAHQAaQBuAGcAIABhAG0AYgBpAGUAbgB0ACAAbQB1AHMAaQBjACAAcwBwAGEAYwBlAHMAIABpAG4AIAByAGUAYQBsACAAYQBuAGQAIAB2AGkAcgB0AHUAYQBsACAAdwBvAHIAbABkAHMALgBwAGQAZgAPAA4ABgBTAHkAcwB0AGUAbQASAG1Vc2Vycy9tYW51ZWxtYWx5L0RvY3VtZW50cy9VbmkvTWFzdGVyYXJiZWl0L3JlZnMvQ3JlYXRpbmcgYW1iaWVudCBtdXNpYyBzcGFjZXMgaW4gcmVhbCBhbmQgdmlydHVhbCB3b3JsZHMucGRmAAATAAEvAAAVAAIAEf//AACABdIcHR4fWCRjbGFzc2VzWiRjbGFzc25hbWWjHyAhXU5TTXV0YWJsZURhdGFWTlNEYXRhWE5TT2JqZWN0XxBELi4vcmVmcy9DcmVhdGluZyBhbWJpZW50IG11c2ljIHNwYWNlcyBpbiByZWFsIGFuZCB2aXJ0dWFsIHdvcmxkcy5wZGbSHB0kJaIlIVxOU0RpY3Rpb25hcnkSAAGGoF8QD05TS2V5ZWRBcmNoaXZlcgAIABEAFgAfACgAMgA1ADoAPABFAEsAUgBdAGUAbABvAHEAcwB2AHgAegB8AIYAkwCYAKAC5ALmAusC9AL/AwMDEQMYAyEDaANtA3ADfQOCAAAAAAAAAgEAAAAAAAAAKAAAAAAAAAAAAAAAAAAAA5Q=}}

@url{url:meemix,
	Date-Added = {2010-12-14 12:47:59 +0100},
	Date-Modified = {2010-12-14 12:48:21 +0100},
	Lastchecked = {2010},
	Title = {\url{http://devzone.wiki.meemix.com/index.php?title=MeeMix_API}},
	Urldate = {2010}}

@url{url:echonest,
	Date-Added = {2010-12-14 12:46:59 +0100},
	Date-Modified = {2010-12-14 12:47:27 +0100},
	Lastchecked = {2010},
	Title = {\url{http://developer.echonest.com/docs/v4/}},
	Urldate = {2010}}

@url{url:lastfm,
	Date-Added = {2010-12-14 12:46:21 +0100},
	Date-Modified = {2010-12-14 12:46:56 +0100},
	Lastchecked = {2010},
	Title = {\url{http://www.lastfm.de/api}},
	Urldate = {2010}}

@inproceedings{pachet:02g,
	Address = {Paris, France},
	Author = {Aucouturier, Jean-Julien and Pachet, Francois},
	Booktitle = {Proceedings of the 3rd International Symposium on Music Information Retrieval},
	Date-Added = {2010-12-14 12:41:22 +0100},
	Date-Modified = {2011-02-16 09:51:43 +0100},
	Editor = {Ircam},
	Keywords = {motivation},
	Month = {October},
	Pages = {157-163},
	Title = {Music Similarity Measures: What's the Use?},
	Year = {2002},
	Bdsk-File-1 = {YnBsaXN0MDDUAQIDBAUIJidUJHRvcFgkb2JqZWN0c1gkdmVyc2lvblkkYXJjaGl2ZXLRBgdUcm9vdIABqAkKFRYXGyIjVSRudWxs0wsMDQ4RFFpOUy5vYmplY3RzV05TLmtleXNWJGNsYXNzog8QgASABqISE4ACgAOAB1lhbGlhc0RhdGFccmVsYXRpdmVQYXRo0hgNGRpXTlMuZGF0YU8RAhYAAAAAAhYAAgAABlN5c3RlbQAAAAAAAAAAAAAAAAAAAAAAAAAAAMj967ZIKwAAAAaNPh9NdXNpYyBTaW1pbGFyaXR5IE1lYSMzQ0NBRDEucGRmAAAAAAAAAAAAAAAAAAAAAAAAAAAAAAAAAAAAAAAAAAAAPMrRyS0WtQAAAAAAAAAAAAEAAgAACSAAAAAAAAAAAAAAAAAAAAAEcmVmcwAQAAgAAMj93aYAAAARAAgAAMktCKUAAAABABgABo0+AAaNPAAGVY8ABkVXAAWriAAAkZ8AAgBXU3lzdGVtOlVzZXJzOm1hbnVlbG1hbHk6RG9jdW1lbnRzOlVuaTpNYXN0ZXJhcmJlaXQ6cmVmczpNdXNpYyBTaW1pbGFyaXR5IE1lYSMzQ0NBRDEucGRmAAAOAF4ALgBNAHUAcwBpAGMAIABTAGkAbQBpAGwAYQByAGkAdAB5ACAATQBlAGEAcwB1AHIAZQBzACAALQAgAFcAaABhAHQAJwBzACAAdABoAGUAIAB1AHMAZQAuAHAAZABmAA8ADgAGAFMAeQBzAHQAZQBtABIAX1VzZXJzL21hbnVlbG1hbHkvRG9jdW1lbnRzL1VuaS9NYXN0ZXJhcmJlaXQvcmVmcy9NdXNpYyBTaW1pbGFyaXR5IE1lYXN1cmVzIC0gV2hhdCdzIHRoZSB1c2UucGRmAAATAAEvAAAVAAIAEf//AACABdIcHR4fWCRjbGFzc2VzWiRjbGFzc25hbWWjHyAhXU5TTXV0YWJsZURhdGFWTlNEYXRhWE5TT2JqZWN0XxA2Li4vcmVmcy9NdXNpYyBTaW1pbGFyaXR5IE1lYXN1cmVzIC0gV2hhdCdzIHRoZSB1c2UucGRm0hwdJCWiJSFcTlNEaWN0aW9uYXJ5EgABhqBfEA9OU0tleWVkQXJjaGl2ZXIACAARABYAHwAoADIANQA6ADwARQBLAFIAXQBlAGwAbwBxAHMAdgB4AHoAfACGAJMAmACgAroCvALBAsoC1QLZAucC7gL3AzADNQM4A0UDSgAAAAAAAAIBAAAAAAAAACgAAAAAAAAAAAAAAAAAAANc}}

@article{Morrison:2003:FMS,
	Acmid = {944138},
	Author = {Morrison, Alistair and Ross, Greg and Chalmers, Matthew},
	Date-Added = {2010-12-14 12:34:37 +0100},
	Date-Modified = {2011-02-16 12:42:09 +0100},
	Doi = {http://dx.doi.org/10.1057/palgrave.ivs.9500040},
	Issn = {1473-8716},
	Issue = {1},
	Journal = {Information Visualization},
	Keywords = {MDS, spring models},
	Month = {March},
	Numpages = {10},
	Pages = {68--77},
	Publisher = {Palgrave Macmillan},
	Title = {Fast multidimensional scaling through sampling, springs and interpolation},
	Url = {http://dx.doi.org/10.1057/palgrave.ivs.9500040},
	Volume = {2},
	Year = {2003},
	Bdsk-File-1 = {YnBsaXN0MDDUAQIDBAUIJidUJHRvcFgkb2JqZWN0c1gkdmVyc2lvblkkYXJjaGl2ZXLRBgdUcm9vdIABqAkKFRYXGyIjVSRudWxs0wsMDQ4RFFpOUy5vYmplY3RzV05TLmtleXNWJGNsYXNzog8QgASABqISE4ACgAOAB1lhbGlhc0RhdGFccmVsYXRpdmVQYXRo0hgNGRpXTlMuZGF0YU8RAnIAAAAAAnIAAgAABlN5c3RlbQAAAAAAAAAAAAAAAAAAAAAAAAAAAMj967ZIKwAAAAaNPh9GYXN0IE11bHRpZGltZW5zaW9uYSMzQ0M2NjQucGRmAAAAAAAAAAAAAAAAAAAAAAAAAAAAAAAAAAAAAAAAAAAAPMZkyS0UeQAAAAAAAAAAAAEAAgAACSAAAAAAAAAAAAAAAAAAAAAEcmVmcwAQAAgAAMj93aYAAAARAAgAAMktBmkAAAABABgABo0+AAaNPAAGVY8ABkVXAAWriAAAkZ8AAgBXU3lzdGVtOlVzZXJzOm1hbnVlbG1hbHk6RG9jdW1lbnRzOlVuaTpNYXN0ZXJhcmJlaXQ6cmVmczpGYXN0IE11bHRpZGltZW5zaW9uYSMzQ0M2NjQucGRmAAAOAJwATQBGAGEAcwB0ACAATQB1AGwAdABpAGQAaQBtAGUAbgBzAGkAbwBuAGEAbAAgAFMAYwBhAGwAaQBuAGcAIAB0AGgAcgBvAHUAZwBoACAAUwBhAG0AcABsAGkAbgBnACwAIABTAHAAcgBpAG4AZwBzACAAYQBuAGQAIABJAG4AdABlAHIAcABvAGwAYQB0AGkAbwBuAC4AcABkAGYADwAOAAYAUwB5AHMAdABlAG0AEgB+VXNlcnMvbWFudWVsbWFseS9Eb2N1bWVudHMvVW5pL01hc3RlcmFyYmVpdC9yZWZzL0Zhc3QgTXVsdGlkaW1lbnNpb25hbCBTY2FsaW5nIHRocm91Z2ggU2FtcGxpbmcsIFNwcmluZ3MgYW5kIEludGVycG9sYXRpb24ucGRmABMAAS8AABUAAgAR//8AAIAF0hwdHh9YJGNsYXNzZXNaJGNsYXNzbmFtZaMfICFdTlNNdXRhYmxlRGF0YVZOU0RhdGFYTlNPYmplY3RfEFUuLi9yZWZzL0Zhc3QgTXVsdGlkaW1lbnNpb25hbCBTY2FsaW5nIHRocm91Z2ggU2FtcGxpbmcsIFNwcmluZ3MgYW5kIEludGVycG9sYXRpb24ucGRm0hwdJCWiJSFcTlNEaWN0aW9uYXJ5EgABhqBfEA9OU0tleWVkQXJjaGl2ZXIACAARABYAHwAoADIANQA6ADwARQBLAFIAXQBlAGwAbwBxAHMAdgB4AHoAfACGAJMAmACgAxYDGAMdAyYDMQM1A0MDSgNTA6sDsAOzA8ADxQAAAAAAAAIBAAAAAAAAACgAAAAAAAAAAAAAAAAAAAPX},
	Bdsk-Url-1 = {http://dx.doi.org/10.1057/palgrave.ivs.9500040}}

@article{Cooper:2006:VAM,
	Acmid = {1176365},
	Address = {Cambridge, MA, USA},
	Author = {Cooper, Matthew and Foote, Jonathan and Pampalk, Elias and Tzanetakis, George},
	Date-Added = {2010-12-14 12:20:43 +0100},
	Date-Modified = {2011-02-16 12:41:10 +0100},
	Doi = {10.1162/comj.2006.30.2.42},
	Issn = {0148-9267},
	Issue = {2},
	Journal = {Comput. Music J.},
	Keywords = {vis overview},
	Month = {June},
	Numpages = {21},
	Pages = {42--62},
	Publisher = {MIT Press},
	Title = {Visualization in Audio-Based Music Information Retrieval},
	Url = {http://portal.acm.org/citation.cfm?id=1176357.1176365},
	Volume = {30},
	Year = {2006},
	Bdsk-File-1 = {YnBsaXN0MDDUAQIDBAUIJidUJHRvcFgkb2JqZWN0c1gkdmVyc2lvblkkYXJjaGl2ZXLRBgdUcm9vdIABqAkKFRYXGyIjVSRudWxs0wsMDQ4RFFpOUy5vYmplY3RzV05TLmtleXNWJGNsYXNzog8QgASABqISE4ACgAOAB1lhbGlhc0RhdGFccmVsYXRpdmVQYXRo0hgNGRpXTlMuZGF0YU8RAkAAAAAAAkAAAgAABlN5c3RlbQAAAAAAAAAAAAAAAAAAAAAAAAAAAMj967ZIKwAAAAaNPh9WaXN1YWxpemF0aW9uIGluIEF1ZGkjNjhENDEucGRmAAAAAAAAAAAAAAAAAAAAAAAAAAAAAAAAAAAAAAAAAAAABo1ByO3PdwAAAAAAAAAAAAEAAgAACSAAAAAAAAAAAAAAAAAAAAAEcmVmcwAQAAgAAMj93aYAAAARAAgAAMjts1cAAAABABgABo0+AAaNPAAGVY8ABkVXAAWriAAAkZ8AAgBXU3lzdGVtOlVzZXJzOm1hbnVlbG1hbHk6RG9jdW1lbnRzOlVuaTpNYXN0ZXJhcmJlaXQ6cmVmczpWaXN1YWxpemF0aW9uIGluIEF1ZGkjNjhENDEucGRmAAAOAHoAPABWAGkAcwB1AGEAbABpAHoAYQB0AGkAbwBuACAAaQBuACAAQQB1AGQAaQBvAC0AQgBhAHMAZQBkACAATQB1AHMAaQBjACAASQBuAGYAbwByAG0AYQB0AGkAbwBuACAAUgBlAHQAcgBpAGUAdgBhAGwALgBwAGQAZgAPAA4ABgBTAHkAcwB0AGUAbQASAG1Vc2Vycy9tYW51ZWxtYWx5L0RvY3VtZW50cy9VbmkvTWFzdGVyYXJiZWl0L3JlZnMvVmlzdWFsaXphdGlvbiBpbiBBdWRpby1CYXNlZCBNdXNpYyBJbmZvcm1hdGlvbiBSZXRyaWV2YWwucGRmAAATAAEvAAAVAAIAEf//AACABdIcHR4fWCRjbGFzc2VzWiRjbGFzc25hbWWjHyAhXU5TTXV0YWJsZURhdGFWTlNEYXRhWE5TT2JqZWN0XxBELi4vcmVmcy9WaXN1YWxpemF0aW9uIGluIEF1ZGlvLUJhc2VkIE11c2ljIEluZm9ybWF0aW9uIFJldHJpZXZhbC5wZGbSHB0kJaIlIVxOU0RpY3Rpb25hcnkSAAGGoF8QD05TS2V5ZWRBcmNoaXZlcgAIABEAFgAfACgAMgA1ADoAPABFAEsAUgBdAGUAbABvAHEAcwB2AHgAegB8AIYAkwCYAKAC5ALmAusC9AL/AwMDEQMYAyEDaANtA3ADfQOCAAAAAAAAAgEAAAAAAAAAKAAAAAAAAAAAAAAAAAAAA5Q=},
	Bdsk-Url-1 = {http://portal.acm.org/citation.cfm?id=1176357.1176365}}

@inproceedings{mcfee09_hesas,
	Author = {McFee,, B. and Lanckriet,, {G. R. G.}},
	Booktitle = {Tenth International Symposium for Music Information Retrieval (ISMIR2009))},
	Date-Added = {2010-12-14 10:28:17 +0100},
	Date-Modified = {2011-02-16 09:51:22 +0100},
	Keywords = {subjective artist sim.},
	Month = {October},
	Title = {Heterogeneous embedding for subjective artist similarity},
	Year = {2009},
	Bdsk-File-1 = {YnBsaXN0MDDUAQIDBAUIJidUJHRvcFgkb2JqZWN0c1gkdmVyc2lvblkkYXJjaGl2ZXLRBgdUcm9vdIABqAkKFRYXGyIjVSRudWxs0wsMDQ4RFFpOUy5vYmplY3RzV05TLmtleXNWJGNsYXNzog8QgASABqISE4ACgAOAB1lhbGlhc0RhdGFccmVsYXRpdmVQYXRo0hgNGRpXTlMuZGF0YU8RAkAAAAAAAkAAAgAABlN5c3RlbQAAAAAAAAAAAAAAAAAAAAAAAAAAAMj967ZIKwAAAAaNPh9IZXRlcm9nZW5lb3VzIEVtYmVkZGkjNjhENDAucGRmAAAAAAAAAAAAAAAAAAAAAAAAAAAAAAAAAAAAAAAAAAAABo1AyOtK6AAAAAAAAAAAAAEAAgAACSAAAAAAAAAAAAAAAAAAAAAEcmVmcwAQAAgAAMj93aYAAAARAAgAAMjrLsgAAAABABgABo0+AAaNPAAGVY8ABkVXAAWriAAAkZ8AAgBXU3lzdGVtOlVzZXJzOm1hbnVlbG1hbHk6RG9jdW1lbnRzOlVuaTpNYXN0ZXJhcmJlaXQ6cmVmczpIZXRlcm9nZW5lb3VzIEVtYmVkZGkjNjhENDAucGRmAAAOAHoAPABIAGUAdABlAHIAbwBnAGUAbgBlAG8AdQBzACAARQBtAGIAZQBkAGQAaQBuAGcAIABmAG8AcgAgAFMAdQBiAGoAZQBjAHQAaQB2AGUAIABBAHIAdABpAHMAdAAgAFMAaQBtAGkAbABhAHIAaQB0AHkALgBwAGQAZgAPAA4ABgBTAHkAcwB0AGUAbQASAG1Vc2Vycy9tYW51ZWxtYWx5L0RvY3VtZW50cy9VbmkvTWFzdGVyYXJiZWl0L3JlZnMvSGV0ZXJvZ2VuZW91cyBFbWJlZGRpbmcgZm9yIFN1YmplY3RpdmUgQXJ0aXN0IFNpbWlsYXJpdHkucGRmAAATAAEvAAAVAAIAEf//AACABdIcHR4fWCRjbGFzc2VzWiRjbGFzc25hbWWjHyAhXU5TTXV0YWJsZURhdGFWTlNEYXRhWE5TT2JqZWN0XxBELi4vcmVmcy9IZXRlcm9nZW5lb3VzIEVtYmVkZGluZyBmb3IgU3ViamVjdGl2ZSBBcnRpc3QgU2ltaWxhcml0eS5wZGbSHB0kJaIlIVxOU0RpY3Rpb25hcnkSAAGGoF8QD05TS2V5ZWRBcmNoaXZlcgAIABEAFgAfACgAMgA1ADoAPABFAEsAUgBdAGUAbABvAHEAcwB2AHgAegB8AIYAkwCYAKAC5ALmAusC9AL/AwMDEQMYAyEDaANtA3ADfQOCAAAAAAAAAgEAAAAAAAAAKAAAAAAAAAAAAAAAAAAAA5Q=}}

@inproceedings{LID_05ismir,
	Address = {London, UK},
	Author = {Thomas Lidy and Andreas Rauber},
	Booktitle = {Proceedings of the Sixth International Conference on Music Information Retrieval (ISMIR 2005)},
	Date-Modified = {2011-02-16 09:50:15 +0100},
	Isbn = {0-9551179-0-9},
	Keywords = {feature-extraction},
	Month = {September 11-15},
	Pages = {34-41},
	Title = {Evaluation of Feature Extractors and Psycho-acoustic Transformations for Music Genre Classification},
	Year = {2005},
	Bdsk-File-1 = {YnBsaXN0MDDUAQIDBAUIJidUJHRvcFgkb2JqZWN0c1gkdmVyc2lvblkkYXJjaGl2ZXLRBgdUcm9vdIABqAkKFRYXGyIjVSRudWxs0wsMDQ4RFFpOUy5vYmplY3RzV05TLmtleXNWJGNsYXNzog8QgASABqISE4ACgAOAB1lhbGlhc0RhdGFccmVsYXRpdmVQYXRo0hgNGRpXTlMuZGF0YU8RAsAAAAAAAsAAAgAABlN5c3RlbQAAAAAAAAAAAAAAAAAAAAAAAAAAAMj967ZIKwAAAAaNPh9FdmFsdWF0aW9uIG9mIEZlYXR1ciM3QzBDRkEucGRmAAAAAAAAAAAAAAAAAAAAAAAAAAAAAAAAAAAAAAAAAAAAfAz6yYFN/gAAAAAAAAAAAAEAAgAACSAAAAAAAAAAAAAAAAAAAAAEcmVmcwAQAAgAAMj93aYAAAARAAgAAMmBP+4AAAABABgABo0+AAaNPAAGVY8ABkVXAAWriAAAkZ8AAgBXU3lzdGVtOlVzZXJzOm1hbnVlbG1hbHk6RG9jdW1lbnRzOlVuaTpNYXN0ZXJhcmJlaXQ6cmVmczpFdmFsdWF0aW9uIG9mIEZlYXR1ciM3QzBDRkEucGRmAAAOANAAZwBFAHYAYQBsAHUAYQB0AGkAbwBuACAAbwBmACAARgBlAGEAdAB1AHIAZQAgAEUAeAB0AHIAYQBjAHQAbwByAHMAIABhAG4AZAAgAFAAcwB5AGMAaABvAC0AYQBjAG8AdQBzAHQAaQBjACAAVAByAGEAbgBzAGYAbwByAG0AYQB0AGkAbwBuAHMAIABmAG8AcgAgAE0AdQBzAGkAYwAgAEcAZQBuAHIAZQAgAEMAbABhAHMAcwBpAGYAaQBjAGEAdABpAG8AbgAuAHAAZABmAA8ADgAGAFMAeQBzAHQAZQBtABIAmFVzZXJzL21hbnVlbG1hbHkvRG9jdW1lbnRzL1VuaS9NYXN0ZXJhcmJlaXQvcmVmcy9FdmFsdWF0aW9uIG9mIEZlYXR1cmUgRXh0cmFjdG9ycyBhbmQgUHN5Y2hvLWFjb3VzdGljIFRyYW5zZm9ybWF0aW9ucyBmb3IgTXVzaWMgR2VucmUgQ2xhc3NpZmljYXRpb24ucGRmABMAAS8AABUAAgAR//8AAIAF0hwdHh9YJGNsYXNzZXNaJGNsYXNzbmFtZaMfICFdTlNNdXRhYmxlRGF0YVZOU0RhdGFYTlNPYmplY3RfEG8uLi9yZWZzL0V2YWx1YXRpb24gb2YgRmVhdHVyZSBFeHRyYWN0b3JzIGFuZCBQc3ljaG8tYWNvdXN0aWMgVHJhbnNmb3JtYXRpb25zIGZvciBNdXNpYyBHZW5yZSBDbGFzc2lmaWNhdGlvbi5wZGbSHB0kJaIlIVxOU0RpY3Rpb25hcnkSAAGGoF8QD05TS2V5ZWRBcmNoaXZlcgAIABEAFgAfACgAMgA1ADoAPABFAEsAUgBdAGUAbABvAHEAcwB2AHgAegB8AIYAkwCYAKADZANmA2sDdAN/A4MDkQOYA6EEEwQYBBsEKAQtAAAAAAAAAgEAAAAAAAAAKAAAAAAAAAAAAAAAAAAABD8=}}
